2220 3846
67 213 131 280 110
231 241 234 246 ·
364 159 727 271 Pnor'uuill

150 378 303 442 Maternis
313 375 423 437 laudor
432 376 567 437 lacrimis
578 376 726 454 urbisque
740 375 903 456 querellis,

43 463 44 467 ’
190 463 327 522 Defensa
338 467 371 521 et
381 461 497 539 gemitu
507 459 649 524 Caesaris
661 478 730 519 ossa
741 478 819 520 mea.

148 545 205 608 llle
217 566 271 606 ana
281 551 352 606 nata
366 544 488 622 dignam
497 544 609 603 vixisse
621 561 763 602 sororem

93 639 130 695 60
189 632 343 709 Increpat,
359 635 391 688 et
401 624 544 688 lacrimas
555 625 684 687 vidimus
695 627 743 686 ire
754 625 826 688 deo.

148 715 191 777 Εἴ
200 720 304 775 tamen
316 713 434 773 emerui
446 730 614 789 generosos
625 711 720 770 vestis
731 710 880 789 honores,

188 798 255 858 Nec
266 816 334 856 mea
346 796 385 856 ‹le
400 793 503 856 sterili
513 797 595 856 iacta
605 795 713 873 rapina
724 792 826 854 domo.

149 882 209 957 Tu,
220 880 350 959 Lepide,
368 885 456 955 etta,
470 875 588 954 Paullo,
600 897 702 937 mcum
711 882 784 957 post
794 877 859 939 iata
868 875 1004 954 levamen,

191 963 324 1025 Condita
338 969 410 1022 sunt
419 968 523 1021 vestro
533 959 651 1021 lumina
660 967 768 1021 nostra
778 962 859 1023 sinu.

94 1057 127 1112 65
148 1047 289 1111 Vidimus
300 1054 334 1107 et
343 1046 476 1107 fratrem
486 1043 592 1105 sellam
603 1046 775 1123 geminasse
788 1044 936 1124 curulem,

190 1129 326 1193 Consule
338 1150 398 1210 quc
410 1130 493 1190 facto
505 1136 647 1209 tempore
658 1135 748 1209 raptu
758 1148 857 1189 soror.

145 1214 239 1292 Filia,
249 1221 285 1275 tu
297 1216 455 1294 specimen
466 1232 615 1273 censurae
625 1219 697 1272 nata
707 1218 868 1291 pateruae,

187 1299 250 1358 Fac
258 1305 367 1358 tenea
377 1317 471 1358 unum
480 1317 537 1357 no
548 1298 666 1375 imitata
674 1296 785 1373 virum,

145 1382 187 1442 Et
198 1383 281 1440 serie
291 1380 401 1439 fulcite
413 1399 524 1457 genus:
545 1381 621 1439 milri
633 1380 741 1458 cymba
751 1377 871 1439 volenti

92 1472 128 1527 70
188 1461 326 1522 Solvitur
336 1464 472 1522 aucturis
483 1469 530 1522 tot
540 1481 609 1526 mea
620 1463 685 1522 iata
696 1464 783 1524 meis.

145 1547 232 1607 Haec
242 1551 291 1607 est
302 1546 431 1607 feminei
440 1564 561 1605 merces
573 1551 711 1607 extrema
721 1548 881 1627 triumphi,

186 1630 306 1691 Laudat
315 1631 369 1691 ubi
380 1631 543 1690 emeritum
554 1628 655 1690 libera
664 1627 745 1690 faina
755 1649 873 1708 rogum.

143 1715 232 1776 Nunc
241 1715 300 1775 tibi
311 1712 491 1775 commende
504 1716 674 1775 communia
684 1716 814 1795 pignora
824 1720 931 1774 natos:

184 1799 271 1858 Haec
282 1817 356 1858 cura
367 1805 400 1858 et
411 1799 510 1858 cineri
521 1799 619 1879 spirat
630 1799 731 1857 inusta
742 1817 821 1859 mec.

91 1889 124 1943 75
144 1882 290 1960 Fungere
302 1883 449 1942 maternis
460 1883 588 1959 vicibus,
601 1888 708 1962 pater:
728 1879 784 1942 illa
796 1901 936 1943 meorum

186 1966 292 2025 Omnis
304 1967 367 2026 erit
378 1964 457 2026 collo
469 1968 560 2026 turba
569 1965 701 2026 ferenda
712 1972 775 2027 tuo.

143 2047 257 2112 Oscula
269 2068 337 2111 cum
350 2048 476 2109 dederis
488 2057 540 2109 tna
552 2051 710 2127 flentibus,
722 2049 809 2110 arliae
821 2050 946 2110 matris:
993 2102 998 2107 .

184 2135 266 2193 Tota
275 2133 384 2194 rlcmus
396 2133 500 2210 coepit
510 2150 591 2192 nuuc
604 2153 680 2194 onus
692 2139 762 2193 esse
772 2139 868 2194 tuum.

119 2237 123 2243 ’
140 2218 183 2279 Et
194 2218 220 2277 si
233 2216 308 2297 quid
319 2215 472 2278 doliturus
484 2215 558 2298 eris,
574 2218 641 2277 siue
652 2219 785 2278 testibus
795 2215 874 2277 illis:

86 2309 122 2364 80
184 2303 262 2363 Cum
272 2304 409 2381 venient,
423 2303 513 2364 siccis
524 2300 628 2364 oscula
638 2299 713 2364 falle
725 2303 822 2382 genis.

141 2385 196 2447 Sat
206 2388 265 2448 tibi
276 2388 339 2447 sint
349 2394 468 2465 noctes,
481 2408 555 2468 quas
567 2388 607 2448 de
618 2407 678 2465 me,
689 2377 809 2464 Paullc{
820 2384 947 2466 fatiges,

181 2472 367 2550 Somniaque
378 2475 410 2532 iu
421 2474 533 2533 faciem
543 2472 663 2534 credita
675 2490 768 2553 saepe
781 2491 897 2531 meam:

139 2555 244 2634 Atque
254 2557 307 2616 ubi
318 2563 440 2633 secretu
453 2564 559 2617 nostra
569 2557 609 2617 ad
619 2556 780 2616 simulacra
790 2555 945 2635 loqueris,

181 2641 225 2701 Ut
237 2659 443 2720 responsurae
456 2640 574 2718 singula
584 2643 680 2701 verba
689 2643 766 2702 iace.

85 2729 120 2784 85
142 2723 205 2785 Seu
215 2731 320 2785 tamen
334 2723 494 2785 adversum
505 2726 731 2785 mutaritianua
742 2721 870 2801 lectum,

180 2808 306 2868 Sederit
318 2814 351 2867 et
361 2816 468 2869 nostro
480 2814 568 2869 cauta
577 2826 711 2868 noverca
721 2814 802 2884 toro,

139 2891 331 2967 Coniugium,
342 2893 443 2969 pueri,
453 2890 577 2951 laudate
589 2897 623 2951 et
630 2891 714 2949 ferte
725 2895 906 2967 paternum:

180 2974 277 3051 Capta
288 2971 374 3030 (labit
384 2976 496 3033 vestris
508 2974 644 3030 moribus
655 2968 710 3030 illa
720 2990 838 3036 manns.

137 3056 202 3116 Nec
213 3061 343 3115 matrem
353 3052 477 3113 laudate
488 3055 595 3113 nimi:
618 3052 728 3116 collata
737 3057 838 3136 priori

85 3147 121 3202 90
182 3135 791 3202 Vertetinoffcnsasliberaverbasuas.

138 3223 199 3283 Seu
213 3242 330 3284 memor
340 3222 396 3284 ille
407 3243 476 3284 mea
486 3230 650 3286 contentus
660 3225 809 3286 manserit
819 3225 930 3286 umbra

176 3308 218 3367 ut
229 3311 308 3367 tanti
319 3310 440 3368 cineres
452 3308 575 3369 duxerit
585 3327 654 3369 esse
667 3330 762 3388 mens,

136 3389 254 3452 Discite
267 3399 426 3452 venturam
436 3394 496 3452 iarn
507 3413 587 3453 nnnc
599 3395 717 3454 sentire
728 3398 896 3471 senectam,

16 3506 72 3616 ι
179 3476 313 3538 caelibi
325 3475 364 3537 ad
375 3496 463 3538 curas
474 3497 533 3539 nec
543 3485 632 3540 vacet
642 3477 705 3538 ulla
715 3479 772 3540 via.
