2220 3846
303 191 731 275 cananaea
954 198 997 262 o

167 360 321 421 Cornibus
331 361 365 419 in
374 356 502 440 plenum
512 356 670 419 menstrua
677 357 753 437 'luna
765 361 859 442 redit,

125 443 217 505 Unde
229 441 294 503 salo
305 449 453 523 superant
462 444 558 519 venti,
571 441 645 523 quid
655 444 778 504 flamine
791 453 894 526 captet

74 536 109 590 00
167 527 280 605 Eurus,
296 529 372 586 etin
382 528 481 587 nubes
491 526 574 587 unde
584 528 733 607 perennis
745 547 832 607 aquo,

128 608 176 671 Sit
185 617 314 670 ventura
326 609 404 689 dies,
416 610 523 670 mundi
534 629 612 689 quae
624 613 751 671 subruat
761 631 859 692 arces,

167 694 346 774 Purpureus
355 692 475 773 pluvias
487 713 542 753 cur
552 695 633 753 bibit
643 714 846 775 aronsuquas,

125 778 189 838 Aut
200 798 254 836 cur
264 778 438 837 Perrhaebi
448 783 606 837 tremuere
617 779 773 839 cacumina
782 777 885 857 Pindi,
988 791 989 795 ’

168 859 253 920 Solis
263 867 297 920 et
310 862 418 920 anatis
427 857 543 921 luxerit
553 862 638 921 orbis
650 863 748 942 equis,

74 951 106 1006 35
126 945 191 1005 Gur
202 960 290 1005 serus
301 945 531 1007 versareoove·
543 951 577 1005 et
586 942 725 1024 plaustra
736 947 862 1026 Bootes,

166 1025 328 1088 Pleiadum
338 1030 436 1108 spisso
449 1049 504 1090 cur
515 1031 579 1090 coit
588 1029 660 1108 igne
672 1029 795 1107 chorus,
866 1039 869 1043 ’

126 1111 227 1171 Curre
239 1132 310 1173 suos
320 1114 399 1173 iines
410 1112 507 1173 altum
515 1133 580 1172 non
592 1118 682 1173 exeat
696 1130 821 1191 aequor,

167 1193 283 1257 Plenus
295 1203 328 1256 et
338 1198 371 1256 in
381 1203 487 1276 partes
499 1202 644 1275 quattuor
657 1204 825 1274 conuscat,

125 1277 188 1338 Sub
199 1282 295 1340 terrIs
306 1281 369 1340 sint
378 1281 447 1340 iura
458 1280 550 1340 deum
560 1285 594 1340 et
603 1283 757 1339 tormenta
769 1279 943 1358 Gigantum,

74 1367 107 1422 to
168 1361 357 1444 Tisiphones
368 1370 435 1424 atro
447 1366 474 1424 si
481 1366 563 1425 furit
572 1380 670 1442 angue
682 1369 782 1442 caput,
807 1379 812 1391 ·

124 1445 188 1505 Aut
197 1446 415 1509 Alcmaeoniae
425 1449 525 1508 furiae
538 1454 591 1509 aut
600 1448 714 1508 ieiunia
723 1448 847 1524 Phinei,
949 1440 952 1446 ’

165 1529 244 1591 Num
256 1539 336 1608 rota,
348 1551 422 1601 num
432 1531 562 1611 scopuli,
572 1550 645 1591 num
656 1532 724 1590 sitis
734 1532 818 1589 inter
830 1550 933 1607 aquas,

122 1612 204 1673 Num
213 1614 314 1672 tribus
324 1614 482 1673 infernum
493 1612 627 1673 custodit
636 1613 776 1671 faucibus
788 1617 908 1670 antrum

168 1693 841 1774 Cerberus‚et'l*ityoiugerapuuccnovem,
991 1703 993 1707 “

75 1783 105 1838 45
125 1779 176 1840 An
186 1779 259 1838 ficta
268 1780 301 1839 in
311 1779 440 1838 miseras
452 1773 729 1838 descenditfabnla
739 1783 859 1855 gentes,

165 1863 208 1923 Et
218 1864 312 1922 timor
322 1860 404 1922 haud
415 1860 499 1922 ultra
510 1880 598 1942 quarn
608 1878 702 1939 rogus
714 1877 782 1920 esse
793 1865 906 1940 potest.
986 1910 997 1936 χ

124 1947 233 2008 Exitus
244 1948 296 2006 hic
306 1948 388 2007 vitae
400 1953 528 2027 superet
537 1947 629 2006 mihi:
649 1962 715 2021 vos,
728 1945 837 2024 quibus
848 1963 931 2003 arms

166 2030 263 2091 Grata
273 2032 379 2110 magis,
394 2030 498 2092 Crassi
511 2032 598 2110 signa
608 2029 728 2090 referte
740 2027 870 2090 domurn.

86 2159 109 2254 d
124 2159 189 2255 Dic
198 2197 273 2255 mihi
285 2195 325 2255 de
338 2204 455 2272 nostra,
472 2216 549 2274 quae
559 2201 668 2275 sentis,
679 2216 752 2257 vera
761 2195 882 2278 puella:
969 2160 995 2254 6

167 2278 220 2338 Sic
230 2279 288 2336 tihi
300 2279 362 2337 sint
373 2278 525 2355 dominre,
535 2279 702 2357 Lygdame,
714 2279 838 2360 dempta
848 2283 927 2360 iuga.

124 2362 205 2422 Num
215 2377 264 2418 me
274 2358 394 2419 laetitia
404 2360 604 2418 tumefactum
614 2359 701 2418 falli
711 2364 806 2437 inani,

165 2444 253 2505 Haec
262 2443 416 2521 referens,
430 2460 507 2523 quae
518 2459 568 2502 me
579 2440 711 2503 credere
721 2441 802 2501 velle
812 2445 925 2523 putas?

88 2535 106 2590 t
127 2527 234 2591 Omnis
246 2529 328 2587 enim
339 2526 433 2588 debet
444 2528 511 2586 sine
522 2546 599 2586 vano
609 2525 734 2586 nuntius
746 2543 826 2603 esse,

167 2613 383 2690 Maioremque
394 2614 506 2670 timens
517 2628 623 2669 servus
633 2610 751 2669 habere
761 2607 863 2670 iidem.

126 2696 214 2757 Nunc
224 2697 310 2773 mihi,
323 2696 349 2754 si
361 2701 531 2774 quatenos,
543 2695 581 2751 cb
593 2694 713 2770 origine
725 2693 831 2752 dicere
841 2694 941 2771 prima

166 2781 287 2860 Incipe:
310 2779 465 2858 suspensis
478 2777 601 2837 auribus
611 2778 672 2837 ista
681 2777 793 2836 bibam.
911 2772 914 2779 ’

128 2864 232 2925 Sicine
244 2883 310 2923 eam
323 2863 487 2942 incomptis
497 2859 603 2921 vidisti
612 2862 690 2921 flere
703 2857 846 2940 capillis?

92 2958 109 3009 0
168 2945 255 3009 illius
265 2967 303 3007 ex
314 2945 409 3007 oculis
420 2947 516 3008 multa
527 2944 656 3005 cadebat
668 2946 767 3023 aqua?

126 3030 193 3092 Nec
204 3029 363 3112 speculum
375 3037 472 3091 strato
483 3029 598 3106 vidisti,
610 3028 775 3107 Lygdum,
787 3025 896 3086 lecto?
981 3060 984 3064 ⁴

167 3115 305 3176 ornabat
316 3117 419 3175 niveas
431 3112 557 3175 nullane
569 3131 686 3191 gemma
696 3109 826 3171 manus‘i

126 3201 170 3263 nt
178 3207 325 3260 maestam
335 3200 454 3259 teneris
464 3205 582 3258 vestem
592 3195 732 3276 pendere
743 3193 882 3270 lacertis,

169 3284 352 3362 Scriniaque
364 3281 403 3342 sd
412 3279 487 3341 lecti
500 3279 602 3342 clausa
612 3282 717 3341 iacere
728 3277 848 3360 pedes?

79 3378 108 3431 15
130 3368 246 3428 'l'ristis
257 3375 326 3428 erat
337 3366 454 3441 domus,
467 3373 499 3425 et
509 3367 616 3426 tristes
628 3384 681 3425 sua
691 3381 788 3445 pensa
798 3360 957 3422 ministrae
1054 3424 1058 3430 ,

169 3451 357 3531 Carpebant,
369 3449 471 3511 medio
485 3451 578 3509 nebat
590 3455 622 3509 et
631 3450 699 3529 ipsa
708 3447 789 3526 loco,
