2220 3846
266 214 751 297 LIBERll1‚1s,19‚ao.
940 217 983 282 '45

113 381 213 442 Parvo
226 380 337 441 dilexit
347 382 446 460 spatio
457 380 599 441 Minoida
610 381 763 460 Theseus,

71 517 73 521 .
154 463 302 544 Phyllida
311 465 524 544 Demophoon,
535 466 650 545 hospes
662 472 794 544 uterque
805 465 912 530 malus.

113 549 175 621 lam
185 551 242 608 tibi
253 550 371 608 Iasonia
381 555 455 608 nota
467 550 516 608 est
527 548 642 608 Medea
653 550 758 608 carina
948 559 983 616 45

57 642 96 696 30
155 633 196 692 Et
206 631 297 693 modo
309 639 432 692 servato
444 630 511 690 sola
520 629 632 690 relicta
641 633 717 693 viro.

114 716 197 775 Dura
208 723 267 792 est,
280 734 358 794 quae
370 712 476 773 multis
488 713 661 775 simulatum
670 717 760 794 fingit
771 736 915 797 amorem,

72 814 74 817 ’
153 800 196 862 Et
207 818 241 858 se
251 798 323 878 plus
333 800 387 857 uni
398 800 425 857 si
438 817 495 876 qua
504 817 615 877 parare
627 806 740 878 potest.

113 881 187 945 Noli
198 881 363 958 nobilibus,
375 881 441 941 noli
453 883 597 942 conferre
608 884 724 944 beatis:

155 967 215 1028 Vix
227 967 321 1043 venit,
334 972 471 1026 extremo
484 968 537 1046 qui
546 964 632 1044 legat
643 987 712 1028 ossa
723 966 783 1031 die.
948 979 984 1032 50

59 1059 93 1114 35
114 1050 417 1111 litibinoserimus:
440 1051 497 1111 sed
506 1058 542 1111 tu
551 1052 655 1130 potius
665 1069 779 1130 precor
789 1057 824 1111 ut
835 1071 884 1113 me

153 1134 302 1215 Demissis
312 1133 441 1214 plangas
451 1140 581 1215 pectora
591 1132 674 1193 nuda
685 1136 790 1195 comi.

398 1245 609 1258 *nun——

40 1263 97 1361 2⁰
113 1265 214 1362 Unica
225 1307 376 1362 natameo
387 1298 597 1382 pulcherrima
608 1319 680 1360 cura
693 1298 806 1379 dolori,
925 1266 981 1362 25

153 1384 299 1447 Excludit
312 1388 453 1465 quoniam
465 1404 532 1445 sors
545 1403 614 1444 mea
625 1383 726 1464 Saepe
736 1386 818 1463 veni,

114 1469 176 1529 Ista
186 1473 263 1530 meis
273 1471 330 1530 fiet
340 1472 499 1530 notissima
509 1469 610 1537 forma
619 1467 750 1546 libellis,

157 1552 263 1630 Calvo,
273 1560 327 1612 tua
336 1555 435 1630 venia,
446 1571 534 1631 pace,
546 1551 682 1627 Catulle,
693 1558 754 1611 tua.

43 1640 55 1661 ²
74 1645 92 1696 5
114 1633 211 1694 Miles
223 1633 373 1712 depositis
384 1654 516 1693 annosus
528 1634 657 1692 secubat
666 1634 769 1708 armis,

158 1715 394 1794 Grandaevique
405 1722 521 1793 negant
530 1714 646 1774 ducere
657 1720 759 1774 aratra
769 1716 873 1794 boves,

115 1802 221 1860 Putris
233 1806 266 1860 et
276 1801 309 1858 in
319 1818 413 1860 vacua
422 1799 593 1878 requiescit
602 1800 687 1858 navis
699 1817 802 1876 arena,

154 1886 197 1945 nt
207 1891 296 1945 vetus
306 1885 339 1943 iu
350 1881 467 1963 templo
480 1880 595 1944 bellica
604 1903 711 1962 parma
720 1891 821 1942 vacat:

114 1971 155 2029 At
166 1987 215 2028 me
228 1970 264 2028 ab
277 1987 382 2027 amore
393 1975 446 2027 tu'o
458 1966 593 2027 deducet
603 1965 689 2026 nulla
700 1973 853 2045 senectus,

60 2062 96 2116 10
158 2053 228 2112 Sive
240 2071 297 2130 ego
311 2052 465 2111 Tithonus
476 2053 541 2112 sive
553 2070 610 2129 ego
621 2052 736 2111 Nestor
747 2069 812 2112 ero.

116 2135 225 2196 Nonne
236 2137 296 2195 fuit
307 2138 402 2196 satius
414 2136 491 2195 duro
504 2137 623 2196 servire
634 2142 766 2214 tyranno

157 2220 198 2279 Et
209 2237 333 2298 gemere
345 2221 379 2278 in
389 2225 489 2296 tauro,
501 2237 591 2279 saeve
602 2217 733 2295 Perille,
744 2219 822 2278 tuo?

105 2299 271 2380 'Gorgonis
284 2308 317 2360 et
327 2304 421 2361 satius
432 2302 493 2360 fuit
503 2300 713 2361 obdurescere
724 2300 822 2378 vultu,

159 2386 321 2445 Caucasias
333 2386 425 2443 etiam
437 2385 463 2443 si
473 2391 652 2462 pateremur
663 2402 742 2443 aves.

60 2480 97 2534 15
119 2469 182 2530 Sed
194 2475 298 2528 tamen
309 2469 470 2528 obsistam:
490 2469 605 2527 teritur
617 2468 760 2545 rubigine
770 2485 875 2526 mucro

157 2553 294 2614 Ferreus
306 2558 339 2612 et
349 2572 443 2633 parvo
455 2570 549 2632 saepe
559 2551 683 2630 liquore
694 2549 789 2612 silex:

116 2639 158 2697 At
168 2634 255 2695 nullo
267 2635 408 2695 dominae
418 2637 532 2696 teritur
543 2638 599 2696 sub
610 2635 717 2696 limine
730 2655 824 2713 amor,
837 2636 889 2714 qui

158 2721 268 2780 Restat
280 2725 312 2778 ct
322 2720 467 2778 inmerito
478 2721 611 2778 sustinet
622 2738 695 2778 aure
707 2721 812 2777 minas.

116 2803 208 2864 Ultro
222 2809 416 2882 contemptus
426 2808 515 2880 rogat
526 2807 559 2861 et
568 2820 714 2882 peccasse
726 2802 842 2862 fatetur

62 2898 101 2952 20
161 2888 276 2948 Laesus
288 2895 321 2947 et
331 2889 435 2947 invitis
445 2888 513 2965 ipse
524 2886 609 2947 redit
618 2885 758 2966 pedibus.

120 2971 170 3032 Tu
182 2991 315 3051 quoque,
328 2974 380 3050 qui
390 2970 485 3052 pleno
496 2971 594 3031 fastus
606 2970 739 3032 adsumis
750 2989 864 3049 amore,

160 3054 841 3137 Credulepnulladiufeminapondushabet.
912 3052 914 3060 ⁴

119 3139 168 3198 Au
180 3141 339 3218 quisquam
350 3141 383 3198 in
394 3138 504 3199 mediis
513 3139 664 3218 persolvit
674 3145 744 3199 vota
753 3137 913 3217 procellis,
996 3163 1004 3172 ·’

160 3224 237 3284 Cum
250 3241 343 3302 saepe
354 3225 387 3282 in
397 3229 491 3302 portu
501 3224 600 3282 fracta
612 3224 716 3282 carina
726 3225 834 3284 natet‘.l

62 3313 100 3372 25
120 3308 183 3367 Aut
193 3309 281 3387 prius
292 3307 409 3366 infecto
422 3306 562 3385 deposcit
572 3308 710 3385 praemia
721 3327 822 3384 cursu,

161 3390 299 3470 Septima
311 3391 523 3469 quam'metam
533 3392 656 3450 triverit
668 3397 739 3450 aute
750 3389 843 3462 rota‘t

118 3473 288 3537 Mendaoe
298 3473 411 3535 ludunt
421 3476 511 3536 flatus
522 3476 555 3534 in
566 3492 669 3535 amore
680 3473 825 3534 secundi:
871 3530 874 3535 .
