<?xml version="1.0" encoding="UTF-8"?>
<!DOCTYPE html PUBLIC "-//W3C//DTD XHTML 1.0 Transitional//EN"
    "http://www.w3.org/TR/xhtml1/DTD/xhtml1-transitional.dtd">
<html xmlns="http://www.w3.org/1999/xhtml" xml:lang="en" lang="en">
 <head>
  <title>
</title>
<meta http-equiv="Content-Type" content="text/html;charset=utf-8" />
  <meta name='ocr-system' content='tesseract 3.04.00' />
  <meta name='ocr-capabilities' content='ocr_page ocr_carea ocr_par ocr_line ocrx_word'/>
</head>
<body>
  <div class='ocr_page' id='page_1' title='image "./elegiae00propgoog_0072.png"; bbox 0 0 2220 3846; ppageno 0'>
   <div class='ocr_carea' id='block_1_1' title="bbox 304 203 993 284">
    <p class='ocr_par' dir='ltr' id='par_1_1' title="bbox 304 203 993 284">
     <span class='ocr_line' id='line_1_1' title="bbox 304 203 993 284; baseline 0.004 -19"><span class='ocrx_word' id='word_1_1' title='bbox 304 203 732 284; x_wconf 79' lang='lat' dir='ltr'>nranu1v‚1‚.2‚a.</span> <span class='ocrx_word' id='word_1_2' title='bbox 952 208 993 273; x_wconf 78' lang='lat' dir='ltr'>ar</span> 
     </span>
    </p>
   </div>
   <div class='ocr_carea' id='block_1_2' title="bbox 74 370 992 2456">
    <p class='ocr_par' dir='ltr' id='par_1_2' title="bbox 74 370 992 2456">
     <span class='ocr_line' id='line_1_2' title="bbox 163 370 844 452; baseline 0.009 -21"><span class='ocrx_word' id='word_1_3' title='bbox 163 370 409 450; x_wconf 83' lang='lat' dir='ltr'>Pendebautque</span> <span class='ocrx_word' id='word_1_4' title='bbox 420 374 500 432; x_wconf 72' lang='lat' dir='ltr'>caris</span> <span class='ocrx_word' id='word_1_5' title='bbox 511 377 655 452; x_wconf 84' lang='lat' dir='ltr'>tympana</span> <span class='ocrx_word' id='word_1_6' title='bbox 665 374 844 451; x_wconf 79' lang='lat' dir='ltr'>pumicibus.</span> 
     </span>
     <span class='ocr_line' id='line_1_3' title="bbox 123 452 749 535; baseline 0 -20"><span class='ocrx_word' id='word_1_7' title='bbox 123 455 208 534; x_wconf 82' lang='lat' dir='ltr'>Erga</span> <span class='ocrx_word' id='word_1_8' title='bbox 219 455 377 515; x_wconf 77' lang='lat' dir='ltr'>Musarum</span> <span class='ocrx_word' id='word_1_9' title='bbox 389 462 421 514; x_wconf 92' lang='lat' dir='ltr'>et</span> <span class='ocrx_word' id='word_1_10' title='bbox 432 452 638 535; x_wconf 47' lang='lat' dir='ltr'>Sileni&#39;patris</span> <span class='ocrx_word' id='word_1_11' title='bbox 649 457 749 534; x_wconf 86' lang='lat' dir='ltr'>imago</span> 
     </span>
     <span class='ocr_line' id='line_1_4' title="bbox 74 536 774 618; baseline -0.001 -18"><span class='ocrx_word' id='word_1_12' title='bbox 74 545 106 600; x_wconf 75' lang='lat'>30</span> <span class='ocrx_word' id='word_1_13' title='bbox 165 538 287 598; x_wconf 74' lang='lat' dir='ltr'>Fictilis</span> <span class='ocrx_word' id='word_1_14' title='bbox 299 545 333 598; x_wconf 90' lang='lat' dir='ltr'>et</span> <span class='ocrx_word' id='word_1_15' title='bbox 343 536 461 618; x_wconf 81' lang='lat' dir='ltr'>calami,</span> <span class='ocrx_word' id='word_1_16' title='bbox 472 541 538 599; x_wconf 87' lang='lat' dir='ltr'>Pan</span> <span class='ocrx_word' id='word_1_17' title='bbox 550 539 706 617; x_wconf 76' lang='lat' dir='ltr'>Tegeaee,</span> <span class='ocrx_word' id='word_1_18' title='bbox 717 542 774 617; x_wconf 83' lang='lat' dir='ltr'>tui,</span> 
     </span>
     <span class='ocr_line' id='line_1_5' title="bbox 121 621 992 702; baseline 0.007 -19"><span class='ocrx_word' id='word_1_19' title='bbox 121 622 165 683; x_wconf 81' lang='lat' dir='ltr'>Et</span> <span class='ocrx_word' id='word_1_20' title='bbox 174 622 308 696; x_wconf 84' lang='lat' dir='ltr'>Veneris</span> <span class='ocrx_word' id='word_1_21' title='bbox 320 622 462 682; x_wconf 83' lang='lat' dir='ltr'>deminae</span> <span class='ocrx_word' id='word_1_22' title='bbox 472 621 626 700; x_wconf 80' lang='lat' dir='ltr'>volueres,</span> <span class='ocrx_word' id='word_1_23' title='bbox 634 642 711 683; x_wconf 83' lang='lat' dir='ltr'>mea</span> <span class='ocrx_word' id='word_1_24' title='bbox 721 626 822 702; x_wconf 77' lang='lat' dir='ltr'>turba,</span> <span class='ocrx_word' id='word_1_25' title='bbox 835 626 992 689; x_wconf 82' lang='lat' dir='ltr'>columbae</span> 
     </span>
     <span class='ocr_line' id='line_1_6' title="bbox 165 705 803 785; baseline 0.005 -21"><span class='ocrx_word' id='word_1_26' title='bbox 165 705 304 784; x_wconf 83' lang='lat' dir='ltr'>&#39;lingunt</span> <span class='ocrx_word' id='word_1_27' title='bbox 315 707 473 783; x_wconf 82' lang='lat' dir='ltr'>Gorgoniu</span> <span class='ocrx_word' id='word_1_28' title='bbox 484 706 601 765; x_wconf 84' lang='lat' dir='ltr'>Punica</span> <span class='ocrx_word' id='word_1_29' title='bbox 611 712 714 767; x_wconf 86' lang='lat' dir='ltr'>rostra</span> <span class='ocrx_word' id='word_1_30' title='bbox 722 705 803 785; x_wconf 81' lang='lat' dir='ltr'>laen,</span> 
     </span>
     <span class='ocr_line' id='line_1_7' title="bbox 122 785 816 870; baseline 0.004 -21"><span class='ocrx_word' id='word_1_31' title='bbox 122 787 334 868; x_wconf 80' lang='lat' dir='ltr'><strong>Diversaeque</strong></span> <span class='ocrx_word' id='word_1_32' title='bbox 346 807 456 850; x_wconf 84' lang='lat' dir='ltr'>navem</span> <span class='ocrx_word' id='word_1_33' title='bbox 468 791 597 849; x_wconf 85' lang='lat' dir='ltr'>sortitae</span> <span class='ocrx_word' id='word_1_34' title='bbox 607 785 681 850; x_wconf 78' lang='lat' dir='ltr'>rur&#39;a</span> <span class='ocrx_word' id='word_1_35' title='bbox 691 790 816 870; x_wconf 84' lang='lat' dir='ltr'>puellae</span> 
     </span>
     <span class='ocr_line' id='line_1_8' title="bbox 162 873 779 937; baseline 0.006 -4"><span class='ocrx_word' id='word_1_36' title='bbox 162 873 322 934; x_wconf 80' lang='lat' dir='ltr'>Exercent</span> <span class='ocrx_word' id='word_1_37' title='bbox 332 879 456 933; x_wconf 88' lang='lat' dir='ltr'>tenera</span> <span class='ocrx_word' id='word_1_38' title='bbox 466 875 500 932; x_wconf 88' lang='lat' dir='ltr'>in</span> <span class='ocrx_word' id='word_1_39' title='bbox 508 893 563 934; x_wconf 84' lang='lat' dir='ltr'>sna</span> <span class='ocrx_word' id='word_1_40' title='bbox 574 873 654 934; x_wconf 88' lang='lat' dir='ltr'>dona</span> <span class='ocrx_word' id='word_1_41' title='bbox 664 893 779 937; x_wconf 89' lang='lat' dir='ltr'>manus.</span> 
     </span>
     <span class='ocr_line' id='line_1_9' title="bbox 74 955 991 1037; baseline 0.004 -20"><span class='ocrx_word' id='word_1_42' title='bbox 74 962 101 1017; x_wconf 74' lang='lat'>35</span> <span class='ocrx_word' id='word_1_43' title='bbox 122 956 210 1016; x_wconf 86' lang='lat' dir='ltr'>Haec</span> <span class='ocrx_word' id='word_1_44' title='bbox 226 955 360 1017; x_wconf 82' lang='lat' dir='ltr'>hederas</span> <span class='ocrx_word' id='word_1_45' title='bbox 376 955 455 1035; x_wconf 86' lang='lat' dir='ltr'>legit</span> <span class='ocrx_word' id='word_1_46' title='bbox 465 959 498 1016; x_wconf 87' lang='lat' dir='ltr'>in</span> <span class='ocrx_word' id='word_1_47' title='bbox 508 958 643 1037; x_wconf 76' lang='lat' dir='ltr'>thyrsos,</span> <span class='ocrx_word' id='word_1_48' title='bbox 655 959 732 1019; x_wconf 87' lang='lat' dir='ltr'>haee</span> <span class='ocrx_word' id='word_1_49' title='bbox 745 962 879 1020; x_wconf 87' lang='lat' dir='ltr'>earmina</span> <span class='ocrx_word' id='word_1_50' title='bbox 890 963 991 1021; x_wconf 80' lang='lat' dir='ltr'>nervis</span> 
     </span>
     <span class='ocr_line' id='line_1_10' title="bbox 162 1040 828 1122; baseline 0.008 -23"><span class='ocrx_word' id='word_1_51' title='bbox 162 1041 268 1119; x_wconf 82' lang='lat' dir='ltr'>Aptat,</span> <span class='ocrx_word' id='word_1_52' title='bbox 281 1047 312 1100; x_wconf 88' lang='lat' dir='ltr'>at</span> <span class='ocrx_word' id='word_1_53' title='bbox 322 1040 376 1100; x_wconf 89' lang='lat' dir='ltr'>illa</span> <span class='ocrx_word' id='word_1_54' title='bbox 387 1061 478 1101; x_wconf 89' lang='lat' dir='ltr'>mauu</span> <span class='ocrx_word' id='word_1_55' title='bbox 488 1044 566 1103; x_wconf 83' lang='lat' dir='ltr'>texit</span> <span class='ocrx_word' id='word_1_56' title='bbox 575 1049 707 1122; x_wconf 91' lang='lat' dir='ltr'>utraque</span> <span class='ocrx_word' id='word_1_57' title='bbox 717 1062 828 1104; x_wconf 86' lang='lat' dir='ltr'>rasam.</span> 
     </span>
     <span class='ocr_line' id='line_1_11' title="bbox 119 1123 856 1203; baseline 0.004 -21"><span class='ocrx_word' id='word_1_58' title='bbox 119 1123 147 1182; x_wconf 84' lang='grc' dir='ltr'><strong>Ε</strong></span> <span class='ocrx_word' id='word_1_59' title='bbox 161 1143 288 1202; x_wconf 87' lang='lat' dir='ltr'>quarum</span> <span class='ocrx_word' id='word_1_60' title='bbox 298 1144 427 1186; x_wconf 87' lang='lat' dir='ltr'>numera</span> <span class='ocrx_word' id='word_1_61' title='bbox 438 1144 488 1186; x_wconf 90' lang='lat' dir='ltr'>me</span> <span class='ocrx_word' id='word_1_62' title='bbox 500 1127 631 1203; x_wconf 84' lang='lat' dir='ltr'>contigit</span> <span class='ocrx_word' id='word_1_63' title='bbox 642 1146 702 1185; x_wconf 92' lang='lat' dir='ltr'>nna</span> <span class='ocrx_word' id='word_1_64' title='bbox 714 1124 856 1186; x_wconf 84' lang='lat' dir='ltr'>dearum:</span> 
     </span>
     <span class='ocr_line' id='line_1_12' title="bbox 161 1208 677 1289; baseline -0.002 -21"><span class='ocrx_word' id='word_1_65' title='bbox 161 1208 204 1268; x_wconf 88' lang='lat' dir='ltr'>Ut</span> <span class='ocrx_word' id='word_1_66' title='bbox 215 1226 288 1268; x_wconf 90' lang='lat' dir='ltr'>reor</span> <span class='ocrx_word' id='word_1_67' title='bbox 299 1229 316 1268; x_wconf 88' lang='lat' dir='ltr'>a</span> <span class='ocrx_word' id='word_1_68' title='bbox 326 1208 418 1286; x_wconf 85' lang='lat' dir='ltr'>faeie,</span> <span class='ocrx_word' id='word_1_69' title='bbox 430 1208 590 1289; x_wconf 76' lang='lat' dir='ltr'>Calliopea</span> <span class='ocrx_word' id='word_1_70' title='bbox 599 1210 677 1268; x_wconf 82' lang='lat' dir='ltr'>fuit:</span> 
     </span>
     <span class='ocr_line' id='line_1_13' title="bbox 122 1290 854 1373; baseline 0.001 -23"><span class='ocrx_word' id='word_1_71' title='bbox 122 1290 305 1352; x_wconf 76' lang='lat' dir='ltr'>‘Contentus</span> <span class='ocrx_word' id='word_1_72' title='bbox 316 1294 414 1352; x_wconf 82' lang='lat' dir='ltr'>niveis</span> <span class='ocrx_word' id='word_1_73' title='bbox 426 1311 549 1372; x_wconf 80' lang='lat' dir='ltr'>semper</span> <span class='ocrx_word' id='word_1_74' title='bbox 558 1294 724 1354; x_wconf 83' lang='lat' dir='ltr'>vectabere</span> <span class='ocrx_word' id='word_1_75' title='bbox 736 1293 854 1373; x_wconf 77' lang='lat' dir='ltr'>cycnis,</span> 
     </span>
     <span class='ocr_line' id='line_1_14' title="bbox 74 1374 822 1456; baseline 0.005 -22"><span class='ocrx_word' id='word_1_76' title='bbox 74 1377 105 1434; x_wconf 81' lang='lat' dir='ltr'>tu</span> <span class='ocrx_word' id='word_1_77' title='bbox 163 1374 228 1434; x_wconf 86' lang='lat' dir='ltr'>Nee</span> <span class='ocrx_word' id='word_1_78' title='bbox 239 1381 272 1438; x_wconf 88' lang='lat' dir='ltr'>te</span> <span class='ocrx_word' id='word_1_79' title='bbox 283 1376 376 1436; x_wconf 79' lang='lat' dir='ltr'>fortis</span> <span class='ocrx_word' id='word_1_80' title='bbox 388 1377 461 1456; x_wconf 88' lang='lat' dir='ltr'>equi</span> <span class='ocrx_word' id='word_1_81' title='bbox 472 1377 566 1437; x_wconf 82' lang='lat' dir='ltr'>ducet</span> <span class='ocrx_word' id='word_1_82' title='bbox 576 1376 615 1437; x_wconf 86' lang='lat' dir='ltr'>ad</span> <span class='ocrx_word' id='word_1_83' title='bbox 626 1397 709 1437; x_wconf 91' lang='lat' dir='ltr'>arma</span> <span class='ocrx_word' id='word_1_84' title='bbox 720 1395 822 1439; x_wconf 85' lang='lat' dir='ltr'>sunus.</span> 
     </span>
     <span class='ocr_line' id='line_1_15' title="bbox 119 1457 817 1540; baseline 0.001 -22"><span class='ocrx_word' id='word_1_85' title='bbox 119 1457 170 1518; x_wconf 90' lang='lat' dir='ltr'>Nil</span> <span class='ocrx_word' id='word_1_86' title='bbox 182 1460 240 1520; x_wconf 88' lang='lat' dir='ltr'>tihi</span> <span class='ocrx_word' id='word_1_87' title='bbox 253 1462 294 1520; x_wconf 83' lang='lat' dir='ltr'>sit</span> <span class='ocrx_word' id='word_1_88' title='bbox 303 1481 396 1520; x_wconf 84' lang='lat' dir='ltr'>rauan</span> <span class='ocrx_word' id='word_1_89' title='bbox 407 1462 573 1540; x_wconf 83' lang='lat' dir='ltr'>praeconia</span> <span class='ocrx_word' id='word_1_90' title='bbox 581 1459 709 1521; x_wconf 83' lang='lat' dir='ltr'>classina</span> <span class='ocrx_word' id='word_1_91' title='bbox 721 1480 817 1520; x_wconf 89' lang='lat' dir='ltr'>eoruu</span> 
     </span>
     <span class='ocr_line' id='line_1_16' title="bbox 160 1540 849 1622; baseline 0.001 -22"><span class='ocrx_word' id='word_1_92' title='bbox 160 1540 253 1601; x_wconf 87' lang='lat' dir='ltr'>Flare</span> <span class='ocrx_word' id='word_1_93' title='bbox 266 1562 325 1603; x_wconf 87' lang='lat' dir='ltr'>nee</span> <span class='ocrx_word' id='word_1_94' title='bbox 335 1545 468 1605; x_wconf 85' lang='lat' dir='ltr'>Aonium</span> <span class='ocrx_word' id='word_1_95' title='bbox 480 1547 606 1622; x_wconf 87' lang='lat' dir='ltr'>cingere</span> <span class='ocrx_word' id='word_1_96' title='bbox 616 1545 721 1604; x_wconf 86' lang='lat' dir='ltr'>Marte</span> <span class='ocrx_word' id='word_1_97' title='bbox 731 1561 849 1620; x_wconf 88' lang='lat' dir='ltr'>nemus,</span> 
     </span>
     <span class='ocr_line' id='line_1_17' title="bbox 118 1625 852 1706; baseline 0 -23"><span class='ocrx_word' id='word_1_98' title='bbox 118 1627 183 1684; x_wconf 86' lang='lat' dir='ltr'>Aut</span> <span class='ocrx_word' id='word_1_99' title='bbox 194 1626 303 1702; x_wconf 86' lang='lat' dir='ltr'>quibua</span> <span class='ocrx_word' id='word_1_100' title='bbox 313 1627 346 1685; x_wconf 80' lang='lat' dir='ltr'>in&#39;</span> <span class='ocrx_word' id='word_1_101' title='bbox 358 1629 472 1706; x_wconf 87' lang='lat' dir='ltr'>eampis</span> <span class='ocrx_word' id='word_1_102' title='bbox 483 1629 624 1687; x_wconf 86' lang='lat' dir='ltr'>Mariano</span> <span class='ocrx_word' id='word_1_103' title='bbox 634 1625 755 1705; x_wconf 88' lang='lat' dir='ltr'>proelia</span> <span class='ocrx_word' id='word_1_104' title='bbox 765 1627 852 1702; x_wconf 86' lang='lat' dir='ltr'>signo</span> 
     </span>
     <span class='ocr_line' id='line_1_18' title="bbox 163 1707 867 1787; baseline 0.001 -22"><span class='ocrx_word' id='word_1_105' title='bbox 163 1707 255 1766; x_wconf 84' lang='lat' dir='ltr'>Sient</span> <span class='ocrx_word' id='word_1_106' title='bbox 266 1708 500 1769; x_wconf 67' lang='lat' dir='ltr'>et&#39;Teutanieas</span> <span class='ocrx_word' id='word_1_107' title='bbox 509 1710 606 1769; x_wconf 83' lang='lat' dir='ltr'>Rama</span> <span class='ocrx_word' id='word_1_108' title='bbox 618 1709 770 1787; x_wconf 80' lang='lat' dir='ltr'>refringat</span> <span class='ocrx_word' id='word_1_109' title='bbox 782 1725 867 1786; x_wconf 83' lang='lat' dir='ltr'>opes,</span> 
     </span>
     <span class='ocr_line' id='line_1_19' title="bbox 74 1791 908 1872; baseline -0.002 -21"><span class='ocrx_word' id='word_1_110' title='bbox 74 1797 103 1851; x_wconf 71' lang='lat'>45</span> <span class='ocrx_word' id='word_1_111' title='bbox 121 1792 276 1852; x_wconf 90' lang='lat' dir='ltr'>Barbarus</span> <span class='ocrx_word' id='word_1_112' title='bbox 288 1797 342 1852; x_wconf 88' lang='lat' dir='ltr'>aut</span> <span class='ocrx_word' id='word_1_113' title='bbox 352 1791 452 1852; x_wconf 88' lang='lat' dir='ltr'>Suevu</span> <span class='ocrx_word' id='word_1_114' title='bbox 464 1794 609 1872; x_wconf 83' lang='lat' dir='ltr'>perfusus</span> <span class='ocrx_word' id='word_1_115' title='bbox 621 1792 768 1870; x_wconf 88' lang='lat' dir='ltr'>sanguiue</span> <span class='ocrx_word' id='word_1_116' title='bbox 779 1791 908 1850; x_wconf 84' lang='lat' dir='ltr'>Rhenus</span> 
     </span>
     <span class='ocr_line' id='line_1_20' title="bbox 160 1875 823 1956; baseline -0.002 -21"><span class='ocrx_word' id='word_1_117' title='bbox 160 1875 271 1935; x_wconf 87' lang='lat' dir='ltr'>Saucia</span> <span class='ocrx_word' id='word_1_118' title='bbox 280 1878 434 1937; x_wconf 88' lang='lat' dir='ltr'>maerenti</span> <span class='ocrx_word' id='word_1_119' title='bbox 445 1896 576 1956; x_wconf 82' lang='lat' dir='ltr'>eurpnra</span> <span class='ocrx_word' id='word_1_120' title='bbox 585 1882 690 1936; x_wconf 84' lang='lat' dir='ltr'>vectet</span> <span class='ocrx_word' id='word_1_121' title='bbox 700 1894 787 1954; x_wconf 89' lang='lat' dir='ltr'>aqua.</span> <span class='ocrx_word' id='word_1_122' title='bbox 820 1912 823 1917; x_wconf 89' lang='lat'><em>·</em></span> 
     </span>
     <span class='ocr_line' id='line_1_21' title="bbox 121 1953 873 2038; baseline -0.001 -21"><span class='ocrx_word' id='word_1_123' title='bbox 121 1959 242 2038; x_wconf 79' lang='lat' dir='ltr'>Quippe</span> <span class='ocrx_word' id='word_1_124' title='bbox 254 1953 418 2019; x_wconf 83' lang='lat' dir='ltr'>coronatu&#39;s</span> <span class='ocrx_word' id='word_1_125' title='bbox 432 1958 566 2021; x_wconf 86' lang='lat' dir='ltr'>alienum</span> <span class='ocrx_word' id='word_1_126' title='bbox 578 1959 617 2019; x_wconf 85' lang='lat' dir='ltr'>ad</span> <span class='ocrx_word' id='word_1_127' title='bbox 628 1959 725 2020; x_wconf 89' lang='lat' dir='ltr'>limen</span> <span class='ocrx_word' id='word_1_128' title='bbox 738 1963 873 2019; x_wconf 84' lang='lat' dir='ltr'>amantes</span> 
     </span>
     <span class='ocr_line' id='line_1_22' title="bbox 161 2042 810 2122; baseline -0.002 -20"><span class='ocrx_word' id='word_1_129' title='bbox 161 2042 399 2122; x_wconf 82' lang='lat' dir='ltr'>Nocturnaeque</span> <span class='ocrx_word' id='word_1_130' title='bbox 411 2062 503 2104; x_wconf 84' lang='lat' dir='ltr'>canes</span> <span class='ocrx_word' id='word_1_131' title='bbox 514 2044 601 2104; x_wconf 87' lang='lat' dir='ltr'>ebria</span> <span class='ocrx_word' id='word_1_132' title='bbox 612 2045 699 2121; x_wconf 89' lang='lat' dir='ltr'>signa</span> <span class='ocrx_word' id='word_1_133' title='bbox 708 2043 810 2120; x_wconf 81' lang='lat' dir='ltr'>fugae,</span> 
     </span>
     <span class='ocr_line' id='line_1_23' title="bbox 120 2124 808 2206; baseline -0.003 -19"><span class='ocrx_word' id='word_1_134' title='bbox 120 2126 164 2187; x_wconf 87' lang='lat' dir='ltr'>Ut</span> <span class='ocrx_word' id='word_1_135' title='bbox 174 2144 232 2206; x_wconf 91' lang='lat' dir='ltr'>per</span> <span class='ocrx_word' id='word_1_136' title='bbox 243 2133 275 2186; x_wconf 89' lang='lat' dir='ltr'>te</span> <span class='ocrx_word' id='word_1_137' title='bbox 287 2124 404 2187; x_wconf 84' lang='lat' dir='ltr'>alausas</span> <span class='ocrx_word' id='word_1_138' title='bbox 416 2129 494 2187; x_wconf 83' lang='lat' dir='ltr'>sciat</span> <span class='ocrx_word' id='word_1_139' title='bbox 505 2133 668 2188; x_wconf 82' lang='lat' dir='ltr'>excantare</span> <span class='ocrx_word' id='word_1_140' title='bbox 679 2125 808 2206; x_wconf 86' lang='lat' dir='ltr'>puellas,</span> 
     </span>
     <span class='ocr_line' id='line_1_24' title="bbox 75 2208 907 2285; baseline 0 -15"><span class='ocrx_word' id='word_1_141' title='bbox 75 2213 104 2270; x_wconf 77' lang='lat'>50</span> <span class='ocrx_word' id='word_1_142' title='bbox 163 2210 222 2285; x_wconf 79' lang='lat' dir='ltr'>Qui</span> <span class='ocrx_word' id='word_1_143' title='bbox 233 2208 319 2270; x_wconf 83' lang='lat' dir='ltr'>volet</span> <span class='ocrx_word' id='word_1_144' title='bbox 329 2216 469 2271; x_wconf 87' lang='lat' dir='ltr'>austeros</span> <span class='ocrx_word' id='word_1_145' title='bbox 480 2210 547 2271; x_wconf 85' lang='lat' dir='ltr'>arte</span> <span class='ocrx_word' id='word_1_146' title='bbox 558 2212 657 2271; x_wconf 80' lang='lat' dir='ltr'>ferire</span> <span class='ocrx_word' id='word_1_147' title='bbox 668 2212 773 2272; x_wconf 63' lang='lat' dir='ltr'>viros?</span> <span class='ocrx_word' id='word_1_148' title='bbox 904 2278 907 2285; x_wconf 47' lang='grc'><strong><em>,</em></strong></span> 
     </span>
     <span class='ocr_line' id='line_1_25' title="bbox 121 2290 826 2376; baseline -0.001 -22"><span class='ocrx_word' id='word_1_149' title='bbox 121 2290 826 2376; x_wconf 75' lang='lat' dir='ltr'>TaliaCalliope‚lymphisqneafonte&#39;petitis</span> 
     </span>
     <span class='ocr_line' id='line_1_26' title="bbox 160 2375 729 2456; baseline 0.002 -21"><span class='ocrx_word' id='word_1_150' title='bbox 160 2376 224 2435; x_wconf 91' lang='lat' dir='ltr'>0ra</span> <span class='ocrx_word' id='word_1_151' title='bbox 233 2375 394 2437; x_wconf 85' lang='lat' dir='ltr'>Philetaea</span> <span class='ocrx_word' id='word_1_152' title='bbox 405 2385 512 2438; x_wconf 86' lang='lat' dir='ltr'>nostra</span> <span class='ocrx_word' id='word_1_153' title='bbox 523 2378 634 2456; x_wconf 80' lang='lat' dir='ltr'>rigavit</span> <span class='ocrx_word' id='word_1_154' title='bbox 644 2397 729 2456; x_wconf 88' lang='lat' dir='ltr'>aqua.</span> 
     </span>
    </p>
   </div>
   <div class='ocr_carea' id='block_1_3' title="bbox 74 2505 988 3546">
    <p class='ocr_par' dir='ltr' id='par_1_3' title="bbox 74 2505 988 3546">
     <span class='ocr_line' id='line_1_27' title="bbox 81 2505 988 2620; baseline 0.001 -24"><span class='ocrx_word' id='word_1_155' title='bbox 81 2505 103 2596; x_wconf 70' lang='lat'><strong>3</strong></span> <span class='ocrx_word' id='word_1_156' title='bbox 118 2508 215 2603; x_wconf 66' lang='lat' dir='ltr'>Arma</span> <span class='ocrx_word' id='word_1_157' title='bbox 226 2542 303 2604; x_wconf 86' lang='lat' dir='ltr'>dens</span> <span class='ocrx_word' id='word_1_158' title='bbox 315 2543 431 2605; x_wconf 76' lang='lat' dir='ltr'>caesar</span> <span class='ocrx_word' id='word_1_159' title='bbox 442 2543 524 2604; x_wconf 81' lang='lat' dir='ltr'>dites</span> <span class='ocrx_word' id='word_1_160' title='bbox 536 2543 703 2604; x_wconf 85' lang='lat' dir='ltr'>meditatur</span> <span class='ocrx_word' id='word_1_161' title='bbox 716 2543 755 2602; x_wconf 86' lang='lat' dir='ltr'>ad</span> <span class='ocrx_word' id='word_1_162' title='bbox 764 2541 866 2620; x_wconf 84' lang='lat' dir='ltr'>ludus,</span> <span class='ocrx_word' id='word_1_163' title='bbox 960 2506 988 2597; x_wconf 79' lang='grc'>4</span> 
     </span>
     <span class='ocr_line' id='line_1_28' title="bbox 157 2626 908 2706; baseline -0.005 -18"><span class='ocrx_word' id='word_1_164' title='bbox 157 2629 200 2688; x_wconf 83' lang='lat' dir='ltr'>Et</span> <span class='ocrx_word' id='word_1_165' title='bbox 208 2626 293 2686; x_wconf 82' lang='lat' dir='ltr'>irata</span> <span class='ocrx_word' id='word_1_166' title='bbox 303 2628 477 2706; x_wconf 82' lang='lat' dir='ltr'>gemmiferi</span> <span class='ocrx_word' id='word_1_167' title='bbox 486 2627 609 2688; x_wconf 88' lang='lat' dir='ltr'>findere</span> <span class='ocrx_word' id='word_1_168' title='bbox 620 2627 720 2687; x_wconf 83' lang='lat' dir='ltr'>alasse</span> <span class='ocrx_word' id='word_1_169' title='bbox 731 2628 834 2688; x_wconf 89' lang='lat' dir='ltr'>maris.</span> <span class='ocrx_word' id='word_1_170' title='bbox 905 2650 908 2655; x_wconf 93' lang='lat'><em>·</em></span> 
     </span>
     <span class='ocr_line' id='line_1_29' title="bbox 117 2708 986 2791; baseline -0.006 -20"><span class='ocrx_word' id='word_1_171' title='bbox 117 2710 242 2788; x_wconf 86' lang='lat' dir='ltr'>Magna,</span> <span class='ocrx_word' id='word_1_172' title='bbox 253 2711 322 2788; x_wconf 80' lang='lat' dir='ltr'>viri,</span> <span class='ocrx_word' id='word_1_173' title='bbox 333 2729 469 2771; x_wconf 80' lang='lat' dir='ltr'>merces:</span> <span class='ocrx_word' id='word_1_174' title='bbox 487 2717 577 2791; x_wconf 88' lang='lat' dir='ltr'>parat</span> <span class='ocrx_word' id='word_1_175' title='bbox 585 2709 694 2771; x_wconf 88' lang='lat' dir='ltr'>ultima</span> <span class='ocrx_word' id='word_1_176' title='bbox 705 2717 791 2770; x_wconf 87' lang='lat' dir='ltr'>terra</span> <span class='ocrx_word' id='word_1_177' title='bbox 799 2708 986 2789; x_wconf 84' lang='lat' dir='ltr'>triumphos:</span> 
     </span>
     <span class='ocr_line' id='line_1_30' title="bbox 160 2793 827 2873; baseline -0.003 -21"><span class='ocrx_word' id='word_1_178' title='bbox 160 2793 265 2873; x_wconf 84' lang='lat' dir='ltr'>Tigris</span> <span class='ocrx_word' id='word_1_179' title='bbox 277 2799 311 2853; x_wconf 90' lang='lat' dir='ltr'>et</span> <span class='ocrx_word' id='word_1_180' title='bbox 319 2794 496 2873; x_wconf 83' lang='lat' dir='ltr'>Euphrates</span> <span class='ocrx_word' id='word_1_181' title='bbox 507 2796 562 2857; x_wconf 86' lang='lat' dir='ltr'>suh</span> <span class='ocrx_word' id='word_1_182' title='bbox 574 2803 627 2856; x_wconf 87' lang='lat' dir='ltr'>tua</span> <span class='ocrx_word' id='word_1_183' title='bbox 636 2797 705 2854; x_wconf 91' lang='lat' dir='ltr'>lura</span> <span class='ocrx_word' id='word_1_184' title='bbox 714 2794 827 2853; x_wconf 85' lang='lat' dir='ltr'>fluent:</span> 
     </span>
     <span class='ocr_line' id='line_1_31' title="bbox 82 2875 904 2959; baseline -0.001 -24"><span class='ocrx_word' id='word_1_185' title='bbox 82 2884 99 2935; x_wconf 82' lang='lat'><strong>5</strong></span> <span class='ocrx_word' id='word_1_186' title='bbox 120 2876 207 2955; x_wconf 80' lang='lat' dir='ltr'>Sera,</span> <span class='ocrx_word' id='word_1_187' title='bbox 220 2875 276 2936; x_wconf 84' lang='lat' dir='ltr'>ed</span> <span class='ocrx_word' id='word_1_188' title='bbox 285 2878 431 2939; x_wconf 80' lang='lat' dir='ltr'>Ausoniis</span> <span class='ocrx_word' id='word_1_189' title='bbox 442 2881 548 2939; x_wconf 81' lang='lat' dir='ltr'>veniet</span> <span class='ocrx_word' id='word_1_190' title='bbox 558 2879 716 2959; x_wconf 79' lang='lat' dir='ltr'>provincia</span> <span class='ocrx_word' id='word_1_191' title='bbox 725 2877 835 2954; x_wconf 77' lang='lat' dir='ltr'>virgis:</span> <span class='ocrx_word' id='word_1_192' title='bbox 900 2944 904 2948; x_wconf 27' lang='lat'>¹</span> 
     </span>
     <span class='ocr_line' id='line_1_32' title="bbox 158 2959 800 3041; baseline 0 -21"><span class='ocrx_word' id='word_1_193' title='bbox 158 2959 354 3022; x_wconf 77' lang='lat' dir='ltr'>Adsuescent</span> <span class='ocrx_word' id='word_1_194' title='bbox 363 2962 454 3023; x_wconf 82' lang='lat' dir='ltr'>Latia</span> <span class='ocrx_word' id='word_1_195' title='bbox 464 2963 581 3023; x_wconf 86' lang='lat' dir='ltr'>Partha</span> <span class='ocrx_word' id='word_1_196' title='bbox 590 2969 719 3041; x_wconf 80' lang='lat' dir='ltr'>tropaea</span> <span class='ocrx_word' id='word_1_197' title='bbox 727 2960 800 3021; x_wconf 81' lang='lat' dir='ltr'>Iovi.</span> 
     </span>
     <span class='ocr_line' id='line_1_33' title="bbox 117 3044 844 3126; baseline -0.003 -22"><span class='ocrx_word' id='word_1_198' title='bbox 117 3044 164 3105; x_wconf 85' lang='lat' dir='ltr'>Ite</span> <span class='ocrx_word' id='word_1_199' title='bbox 176 3046 268 3124; x_wconf 84' lang='lat' dir='ltr'>agite,</span> <span class='ocrx_word' id='word_1_200' title='bbox 283 3053 432 3126; x_wconf 74' lang='lat' dir='ltr'>expertae</span> <span class='ocrx_word' id='word_1_201' title='bbox 441 3044 528 3107; x_wconf 86' lang='lat' dir='ltr'>bello</span> <span class='ocrx_word' id='word_1_202' title='bbox 542 3045 615 3106; x_wconf 82' lang='lat' dir='ltr'>date</span> <span class='ocrx_word' id='word_1_203' title='bbox 624 3045 722 3106; x_wconf 88' lang='lat' dir='ltr'>lintea</span> <span class='ocrx_word' id='word_1_204' title='bbox 731 3061 844 3124; x_wconf 86' lang='lat' dir='ltr'>prorae</span> 
     </span>
     <span class='ocr_line' id='line_1_34' title="bbox 158 3126 818 3208; baseline -0.003 -18"><span class='ocrx_word' id='word_1_205' title='bbox 158 3126 201 3190; x_wconf 75' lang='lat' dir='ltr'>ht</span> <span class='ocrx_word' id='word_1_206' title='bbox 211 3127 333 3190; x_wconf 85' lang='lat' dir='ltr'>solitum</span> <span class='ocrx_word' id='word_1_207' title='bbox 345 3131 490 3208; x_wconf 89' lang='lat' dir='ltr'>armigeri</span> <span class='ocrx_word' id='word_1_208' title='bbox 502 3129 605 3190; x_wconf 81' lang='lat' dir='ltr'>ducite</span> <span class='ocrx_word' id='word_1_209' title='bbox 616 3146 725 3188; x_wconf 89' lang='lat' dir='ltr'>munus</span> <span class='ocrx_word' id='word_1_210' title='bbox 737 3128 818 3206; x_wconf 87' lang='lat' dir='ltr'>equi.</span> 
     </span>
     <span class='ocr_line' id='line_1_35' title="bbox 118 3210 953 3291; baseline -0.002 -19"><span class='ocrx_word' id='word_1_211' title='bbox 118 3211 228 3273; x_wconf 84' lang='lat' dir='ltr'>Omina</span> <span class='ocrx_word' id='word_1_212' title='bbox 237 3213 338 3274; x_wconf 85' lang='lat' dir='ltr'>fausta</span> <span class='ocrx_word' id='word_1_213' title='bbox 349 3231 441 3272; x_wconf 85' lang='lat' dir='ltr'>canu:</span> <span class='ocrx_word' id='word_1_214' title='bbox 463 3215 591 3274; x_wconf 78' lang='lat' dir='ltr'>Crassos</span> <span class='ocrx_word' id='word_1_215' title='bbox 603 3210 785 3291; x_wconf 85' lang='lat' dir='ltr'>clademque</span> <span class='ocrx_word' id='word_1_216' title='bbox 795 3212 895 3291; x_wconf 85' lang='lat' dir='ltr'>piata:</span> <span class='ocrx_word' id='word_1_217' title='bbox 951 3246 953 3250; x_wconf 37' lang='lat'><em>⁴</em></span> 
     </span>
     <span class='ocr_line' id='line_1_36' title="bbox 74 3295 749 3359; baseline 0.007 -5"><span class='ocrx_word' id='word_1_218' title='bbox 74 3298 97 3357; x_wconf 66' lang='lat'>[0</span> <span class='ocrx_word' id='word_1_219' title='bbox 158 3296 205 3357; x_wconf 84' lang='lat' dir='ltr'>lte</span> <span class='ocrx_word' id='word_1_220' title='bbox 217 3305 250 3357; x_wconf 89' lang='lat' dir='ltr'>et</span> <span class='ocrx_word' id='word_1_221' title='bbox 259 3295 415 3357; x_wconf 84' lang='lat' dir='ltr'>Romanae</span> <span class='ocrx_word' id='word_1_222' title='bbox 427 3296 579 3359; x_wconf 86' lang='lat' dir='ltr'>consulite</span> <span class='ocrx_word' id='word_1_223' title='bbox 590 3298 749 3359; x_wconf 85' lang='lat' dir='ltr'>historiae.</span> 
     </span>
     <span class='ocr_line' id='line_1_37' title="bbox 113 3379 844 3461; baseline -0.004 -19"><span class='ocrx_word' id='word_1_224' title='bbox 113 3379 202 3442; x_wconf 80' lang='lat' dir='ltr'>Mars</span> <span class='ocrx_word' id='word_1_225' title='bbox 212 3386 303 3461; x_wconf 84' lang='lat' dir='ltr'>pater</span> <span class='ocrx_word' id='word_1_226' title='bbox 315 3387 348 3441; x_wconf 86' lang='lat' dir='ltr'>et</span> <span class='ocrx_word' id='word_1_227' title='bbox 359 3399 465 3442; x_wconf 87' lang='lat' dir='ltr'>sacrae</span> <span class='ocrx_word' id='word_1_228' title='bbox 475 3381 581 3442; x_wconf 80' lang='lat' dir='ltr'>fatalia</span> <span class='ocrx_word' id='word_1_229' title='bbox 590 3380 844 3455; x_wconf 80' lang='lat' dir='ltr'>luminavestae,</span> 
     </span>
     <span class='ocr_line' id='line_1_38' title="bbox 154 3463 800 3546; baseline -0.002 -22"><span class='ocrx_word' id='word_1_230' title='bbox 154 3464 238 3524; x_wconf 82' lang='lat' dir='ltr'>Ante</span> <span class='ocrx_word' id='word_1_231' title='bbox 249 3483 335 3527; x_wconf 88' lang='lat' dir='ltr'>meos</span> <span class='ocrx_word' id='word_1_232' title='bbox 347 3467 449 3528; x_wconf 83' lang='lat' dir='ltr'>obitus</span> <span class='ocrx_word' id='word_1_233' title='bbox 460 3466 511 3543; x_wconf 83' lang='lat' dir='ltr'>sit,</span> <span class='ocrx_word' id='word_1_234' title='bbox 521 3484 645 3546; x_wconf 84' lang='lat' dir='ltr'>precor,</span> <span class='ocrx_word' id='word_1_235' title='bbox 656 3466 711 3526; x_wconf 90' lang='lat' dir='ltr'>illa</span> <span class='ocrx_word' id='word_1_236' title='bbox 721 3463 800 3540; x_wconf 83' lang='lat' dir='ltr'>dies,</span> 
     </span>
    </p>
   </div>
   <div class='ocr_carea' id='block_1_4' title="bbox 0 0 1114 3846">
    <p class='ocr_par' dir='ltr' id='par_1_4' title="bbox 0 0 1114 3846">
     <span class='ocr_line' id='line_1_39' title="bbox 0 0 1114 3846; baseline 0 0"><span class='ocrx_word' id='word_1_237' title='bbox 0 0 1114 3846; x_wconf 95' lang='lat' dir='ltr'> </span> 
     </span>
    </p>
   </div>
  </div>
 </body>
</html>
