2220 3846
82 208 143 272 100
376 205 741 267 PROPERTII

205 375 338 452 Bacche,
352 372 435 434 soles
447 374 574 433 Phoebo
585 372 701 433 fertilis
712 392 781 434 esse
793 381 857 436 tuo.

165 455 224 518 llle
234 456 401 538 paludosos
412 462 564 517 memoret
574 459 692 516 servire
705 457 893 539 Sicambros,

207 543 364 620 Cepheam
375 542 426 600 hio
437 540 570 600 Meroen
581 540 729 620 fuscaque
741 561 837 620 regna
850 553 954 625 canat,

165 626 224 684 llic
235 626 356 684 referat
367 642 437 683 sero
450 624 767 684 confessumfoedere
777 626 948 690 Parthum:

107 717 145 770 80
206 707 340 768 ‘Reddat
353 709 439 785 signa
449 708 548 785 Remi,
560 727 630 767 mou
642 707 727 768 dabit
735 710 804 788 ipse
816 729 888 770 sua:

93 850 99 862 ,
163 791 234 851 Sive
246 790 363 870 aliquid
373 793 529 871 pharetris
541 791 696 869 Augustus
707 799 816 873 parcet
826 794 916 874 Eois,

204 875 337 933 Differat
349 875 382 950 in
388 892 506 965 pueros
519 876 578 933 ista
588 880 716 954 tropaea
727 894 807 936 snos.
847 949 852 959 Ι

163 955 281 1034 Gaude,
294 957 416 1033 Crasse,
427 959 530 1034 nigras
543 959 569 1017 si
582 959 656 1036 quid
666 959 747 1038 sapis
756 960 841 1018 inter
851 961 1003 1024 harenas:

202 1041 252 1101 lre
264 1059 323 1120 per
332 1040 514 1119 Euphraten
526 1040 565 1100 ad
576 1047 628 1100 tna
639 1042 727 1101 busta
738 1040 837 1105 licet!

13 1151 16 1157 ·
107 1131 141 1186 85
164 1124 216 1184 Sic
227 1130 350 1206 noctem
359 1130 478 1202 patera,
491 1125 535 1184 sic
547 1123 654 1183 ducam
665 1127 810 1203 carmine,
824 1122 928 1189 doued

203 1207 312 1267 Iniciet
322 1207 425 1267 radios
437 1209 469 1267 in
481 1227 549 1267 mea
559 1209 629 1267 vina
640 1206 716 1303 dies.

118 1336 143 1427 d
161 1337 245 1432 Sunt
256 1371 374 1451 aliquid
384 1375 510 1435 Manes:
531 1375 628 1434 letum
638 1393 701 1434 nou
713 1377 813 1434 omnia
823 1375 904 1454 finit,

201 1455 377 1534 Lucidaque
389 1460 505 1517 euictos
518 1459 627 1536 effugit
638 1459 745 1517 umbra
756 1477 857 1537 rogos.

161 1539 295 1616 Cynthia
305 1559 436 1619 namque
447 1560 516 1601 meo
528 1542 591 1600 visa
602 1547 651 1600 est
661 1543 841 1601 incumbere
852 1542 967 1624 fulcro,

168 1651 169 1655 ¹
201 1622 344 1682 Murmur
355 1623 393 1683 nd
404 1631 560 1684 extremae
571 1643 670 1703 nuper
682 1626 805 1684 humata
814 1627 893 1703 viae,

25 1779 27 1782 v
122 1713 138 1766 5
161 1706 239 1766 Cum
250 1707 325 1765 mihi
336 1727 459 1767 somnus
472 1710 508 1768 ab
520 1709 658 1786 exequiis
669 1706 824 1786 penderet
838 1711 964 1788 amoris,

199 1790 241 1851 Et
252 1808 403 1867 quererer
413 1790 489 1850 lecti
500 1791 614 1871 frigida
626 1809 722 1868 regna
731 1793 802 1855 mei.

158 1873 294 1933 Eosdem
304 1874 411 1933 habuit
421 1892 535 1952 secum,
549 1875 657 1953 quibus
670 1881 719 1934 est
729 1874 819 1953 elata,
832 1875 973 1956 capillos,

199 1956 332 2017 Eosdem
345 1957 467 2018 oculos:
489 1959 582 2018 lateri
593 1961 687 2024 restis
700 1958 807 2019 adusta
816 1959 887 2038 fnit,

157 2040 199 2100 Et
212 2037 334 2099 solitum
346 2039 441 2118 digito
454 2041 598 2120 beryllon
610 2041 759 2103 adederat
768 2044 859 2120 ignis,

106 2131 140 2182 10
184 2121 384 2198 ,Snnmaque
395 2123 551 2183 Lethaeus
562 2127 693 2185 triverat
704 2147 758 2187 ora
767 2125 885 2204 liquor:

157 2202 372 2284 spirantisque
385 2206 501 2266 animos
512 2214 664 2268 atrocem
673 2211 772 2270 misit:
795 2208 887 2268 atilli

197 2285 366 2348 Pollicibus
377 2288 505 2368 fragiles
516 2293 703 2373 increpuere
714 2311 834 2353 manus:

157 2370 294 2431 ‘Perfide
305 2392 364 2432 nec
376 2375 516 2453 cuiqnam
527 2373 639 2436 melior
650 2375 803 2456 sperande
813 2374 953 2458 puellae,

196 2454 230 2514 ln
242 2459 345 2517 teiam
355 2459 438 2518 vires
450 2479 573 2519 somnus
584 2461 701 2519 habere
711 2459 840 2540 potest?

104 2546 136 2598 15
157 2538 259 2598 Iamne
271 2541 329 2599 tibi
344 2541 523 2602 exciderant
532 2542 668 2620 uigilacis
679 2544 762 2603 furta
774 2543 916 2604 Suburae

193 2622 236 2683 Et
246 2642 315 2683 mea
324 2627 482 2685 nocturnis
493 2626 568 2685 trita
578 2627 717 2687 fenestra
728 2625 831 2686 dolis‘.l

62 2731 64 2737 ·
154 2706 217 2765 Per
229 2727 318 2785 quam
329 2707 462 2768 demisso
475 2711 617 2787 quotiens
628 2711 684 2770 tibi
694 2711 769 2769 fune
780 2710 931 2789 pependi,

195 2788 327 2850 Alterna
337 2787 464 2852 veniens
476 2794 571 2852 intua
583 2791 663 2851 colla
673 2794 777 2851 manu!

156 2872 256 2951 Saepe
267 2875 373 2934 Venus
383 2876 474 2933 trivio
487 2876 646 2933 commissa
657 2881 715 2950 est,
730 2880 862 2950 pectore
871 2881 967 2939 mixto

100 2961 135 3013 20
195 2954 354 3012 Fecerunt
365 2954 487 3031 tepidas
497 2952 592 3031 pallia
601 2960 707 3014 nostra
717 2957 790 3014 vias.

155 3034 306 3096 Foederis
317 3033 379 3093 heu
389 3034 491 3094 taciti!
514 3037 598 3095 cuius
611 3036 733 3098 fallacia
743 3042 837 3100 verba

195 3118 266 3177 Nou
279 3117 412 3179 audituri
425 3118 583 3198 diripuere
594 3122 677 3185 Noti.

153 3201 196 3260 At
206 3201 281 3259 mihi
292 3221 355 3261 nou
366 3202 470 3263 oculos
483 3206 642 3282 quisquam
652 3206 826 3268 inclamavit
838 3213 959 3270 euntis:

194 3283 296 3343 Unum
310 3285 514 3365 inpetrassem
524 3294 556 3347 te
567 3298 733 3352 revocante
745 3291 842 3351 diem:

100 3373 136 3426 25
156 3364 221 3426 Nec
235 3370 357 3448 crepuit
367 3371 438 3428 lissa
449 3390 498 3430 me
509 3380 638 3453 propter
649 3374 822 3435 harundine
834 3382 950 3455 custos,

193 3449 299 3513 Laesit
309 3459 343 3514 et
352 3455 506 3516 obiectum
517 3457 620 3537 tegula
631 3466 717 3518 curta
729 3466 827 3539 caput.
