<?xml version="1.0" encoding="UTF-8"?>
<!DOCTYPE html PUBLIC "-//W3C//DTD XHTML 1.0 Transitional//EN"
    "http://www.w3.org/TR/xhtml1/DTD/xhtml1-transitional.dtd">
<html xmlns="http://www.w3.org/1999/xhtml" xml:lang="en" lang="en">
 <head>
  <title>
</title>
<meta http-equiv="Content-Type" content="text/html;charset=utf-8" />
  <meta name='ocr-system' content='tesseract 3.04.00' />
  <meta name='ocr-capabilities' content='ocr_page ocr_carea ocr_par ocr_line ocrx_word'/>
</head>
<body>
  <div class='ocr_page' id='page_1' title='image "./elegiae00propgoog_0101.png"; bbox 0 0 2220 3846; ppageno 0'>
   <div class='ocr_carea' id='block_1_1' title="bbox 138 132 798 251">
    <p class='ocr_par' dir='ltr' id='par_1_1' title="bbox 138 132 798 251">
     <span class='ocr_line' id='line_1_1' title="bbox 138 132 798 251; baseline -0.009 -8"><span class='ocrx_word' id='word_1_1' title='bbox 138 132 184 251; x_wconf 78' lang='lat' dir='ltr'><strong>oo</strong></span> <span class='ocrx_word' id='word_1_2' title='bbox 435 175 798 243; x_wconf 81' lang='lat' dir='ltr'><strong>rnonuuu11</strong></span> 
     </span>
    </p>
   </div>
   <div class='ocr_carea' id='block_1_2' title="bbox 159 345 1097 3525">
    <p class='ocr_par' dir='ltr' id='par_1_2' title="bbox 161 345 1097 2768">
     <span class='ocr_line' id='line_1_2' title="bbox 265 345 920 415; baseline -0.014 -1"><span class='ocrx_word' id='word_1_3' title='bbox 265 349 431 415; x_wconf 82' lang='lat' dir='ltr'><strong>Vertumni</strong></span> <span class='ocrx_word' id='word_1_4' title='bbox 440 366 548 408; x_wconf 86' lang='lat' dir='ltr'><strong>rursus</strong></span> <span class='ocrx_word' id='word_1_5' title='bbox 558 345 698 407; x_wconf 87' lang='lat' dir='ltr'><strong>creditur</strong></span> <span class='ocrx_word' id='word_1_6' title='bbox 709 362 778 404; x_wconf 90' lang='lat' dir='ltr'><strong>esse</strong></span> <span class='ocrx_word' id='word_1_7' title='bbox 790 363 920 405; x_wconf 87' lang='lat' dir='ltr'><strong>sacrum.</strong></span> 
     </span>
     <span class='ocr_line' id='line_1_3' title="bbox 223 429 987 515; baseline -0.009 -19"><span class='ocrx_word' id='word_1_8' title='bbox 223 437 328 496; x_wconf 88' lang='lat' dir='ltr'><strong>Prima</strong></span> <span class='ocrx_word' id='word_1_9' title='bbox 339 434 414 493; x_wconf 90' lang='lat' dir='ltr'><strong>mihi</strong></span> <span class='ocrx_word' id='word_1_10' title='bbox 424 433 523 492; x_wconf 85' lang='lat' dir='ltr'><strong>uariat</strong></span> <span class='ocrx_word' id='word_1_11' title='bbox 532 429 700 515; x_wconf 82' lang='lat' dir='ltr'><strong>liventibus</strong></span> <span class='ocrx_word' id='word_1_12' title='bbox 711 448 768 488; x_wconf 85' lang='lat' dir='ltr'><strong>uva</strong></span> <span class='ocrx_word' id='word_1_13' title='bbox 778 430 921 506; x_wconf 83' lang='lat' dir='ltr'><strong>racemis,</strong></span> <span class='ocrx_word' id='word_1_14' title='bbox 983 442 987 453; x_wconf 80' lang='lat'><em>&#39;</em></span> 
     </span>
     <span class='ocr_line' id='line_1_4' title="bbox 263 512 883 593; baseline -0.015 -15"><span class='ocrx_word' id='word_1_15' title='bbox 263 519 306 579; x_wconf 79' lang='lat' dir='ltr'><strong>nt</strong></span> <span class='ocrx_word' id='word_1_16' title='bbox 320 536 406 577; x_wconf 89' lang='lat' dir='ltr'><strong>coma</strong></span> <span class='ocrx_word' id='word_1_17' title='bbox 415 513 547 575; x_wconf 90' lang='lat' dir='ltr'><strong>lactenti</strong></span> <span class='ocrx_word' id='word_1_18' title='bbox 558 515 661 593; x_wconf 78' lang='lat' dir='ltr'><strong>spicea</strong></span> <span class='ocrx_word' id='word_1_19' title='bbox 672 512 763 588; x_wconf 83' lang='lat' dir='ltr'><strong>fruge</strong></span> <span class='ocrx_word' id='word_1_20' title='bbox 773 516 883 575; x_wconf 86' lang='lat' dir='ltr'><strong>tumet.</strong></span> 
     </span>
     <span class='ocr_line' id='line_1_5' title="bbox 169 593 940 676; baseline -0.012 -11"><span class='ocrx_word' id='word_1_21' title='bbox 169 609 203 666; x_wconf 82' lang='lat'><strong>15</strong></span> <span class='ocrx_word' id='word_1_22' title='bbox 223 602 284 664; x_wconf 89' lang='lat' dir='ltr'><strong>llic</strong></span> <span class='ocrx_word' id='word_1_23' title='bbox 296 600 405 661; x_wconf 89' lang='lat' dir='ltr'><strong>dulces</strong></span> <span class='ocrx_word' id='word_1_24' title='bbox 416 616 550 675; x_wconf 83' lang='lat' dir='ltr'><strong>cerasos,</strong></span> <span class='ocrx_word' id='word_1_25' title='bbox 561 598 612 656; x_wconf 89' lang='lat' dir='ltr'><strong>bic</strong></span> <span class='ocrx_word' id='word_1_26' title='bbox 624 593 827 656; x_wconf 86' lang='lat' dir='ltr'><strong>auctumnalia</strong></span> <span class='ocrx_word' id='word_1_27' title='bbox 838 615 940 676; x_wconf 90' lang='lat' dir='ltr'><strong>pruna</strong></span> 
     </span>
     <span class='ocr_line' id='line_1_6' title="bbox 266 677 845 746; baseline -0.01 0"><span class='ocrx_word' id='word_1_28' title='bbox 266 685 377 746; x_wconf 80' lang='lat' dir='ltr'>Cernis</span> <span class='ocrx_word' id='word_1_29' title='bbox 390 688 423 743; x_wconf 89' lang='lat' dir='ltr'><strong>et</strong></span> <span class='ocrx_word' id='word_1_30' title='bbox 434 683 549 741; x_wconf 84' lang='lat' dir='ltr'><strong>aestiuo</strong></span> <span class='ocrx_word' id='word_1_31' title='bbox 560 700 647 739; x_wconf 92' lang='lat' dir='ltr'><strong>mora</strong></span> <span class='ocrx_word' id='word_1_32' title='bbox 657 680 771 739; x_wconf 84' lang='lat' dir='ltr'><strong>rubere</strong></span> <span class='ocrx_word' id='word_1_33' title='bbox 784 677 845 740; x_wconf 80' lang='lat' dir='ltr'><strong>die.</strong></span> 
     </span>
     <span class='ocr_line' id='line_1_7' title="bbox 222 764 857 844; baseline -0.014 -14"><span class='ocrx_word' id='word_1_34' title='bbox 222 769 336 830; x_wconf 86' lang='lat' dir='ltr'><strong>insitor</strong></span> <span class='ocrx_word' id='word_1_35' title='bbox 347 768 398 827; x_wconf 89' lang='lat' dir='ltr'><strong>bic</strong></span> <span class='ocrx_word' id='word_1_36' title='bbox 411 764 504 842; x_wconf 78' lang='lat' dir='ltr'><strong>solvit</strong></span> <span class='ocrx_word' id='word_1_37' title='bbox 513 783 639 844; x_wconf 87' lang='lat' dir='ltr'><strong>pomosa</strong></span> <span class='ocrx_word' id='word_1_38' title='bbox 650 769 721 822; x_wconf 89' lang='lat' dir='ltr'><strong>vota</strong></span> <span class='ocrx_word' id='word_1_39' title='bbox 732 781 857 842; x_wconf 82' lang='lat' dir='ltr'><strong>corona,</strong></span> 
     </span>
     <span class='ocr_line' id='line_1_8' title="bbox 264 842 848 930; baseline -0.01 -18"><span class='ocrx_word' id='word_1_40' title='bbox 264 853 341 913; x_wconf 73' lang='lat' dir='ltr'><strong>(ium</strong></span> <span class='ocrx_word' id='word_1_41' title='bbox 351 852 438 930; x_wconf 84' lang='lat' dir='ltr'>pirus</span> <span class='ocrx_word' id='word_1_42' title='bbox 448 850 544 908; x_wconf 88' lang='lat' dir='ltr'><strong>invito</strong></span> <span class='ocrx_word' id='word_1_43' title='bbox 557 848 663 926; x_wconf 84' lang='lat' dir='ltr'><strong>stipite</strong></span> <span class='ocrx_word' id='word_1_44' title='bbox 674 843 754 905; x_wconf 84' lang='lat' dir='ltr'><strong>mala</strong></span> <span class='ocrx_word' id='word_1_45' title='bbox 764 842 848 915; x_wconf 83' lang='lat' dir='ltr'><strong>tulit.</strong></span> 
     </span>
     <span class='ocr_line' id='line_1_9' title="bbox 220 929 1021 996; baseline 0 -1"><span class='ocrx_word' id='word_1_46' title='bbox 220 933 569 996; x_wconf 82' lang='lat' dir='ltr'><strong>Mendaxfamanoces:</strong></span> <span class='ocrx_word' id='word_1_47' title='bbox 591 929 668 990; x_wconf 87' lang='lat' dir='ltr'><strong>alius</strong></span> <span class='ocrx_word' id='word_1_48' title='bbox 678 931 754 990; x_wconf 88' lang='lat' dir='ltr'><strong>mibi</strong></span> <span class='ocrx_word' id='word_1_49' title='bbox 764 929 899 991; x_wconf 85' lang='lat' dir='ltr'><strong>nominis</strong></span> <span class='ocrx_word' id='word_1_50' title='bbox 909 931 1021 994; x_wconf 82' lang='lat' dir='ltr'><strong>index:</strong></span> 
     </span>
     <span class='ocr_line' id='line_1_10' title="bbox 166 1012 936 1090; baseline -0.013 -9"><span class='ocrx_word' id='word_1_51' title='bbox 166 1029 203 1081; x_wconf 73' lang='lat'><strong>20</strong></span> <span class='ocrx_word' id='word_1_52' title='bbox 263 1018 311 1078; x_wconf 89' lang='lat' dir='ltr'><strong>De</strong></span> <span class='ocrx_word' id='word_1_53' title='bbox 323 1035 358 1077; x_wconf 88' lang='lat' dir='ltr'><strong>se</strong></span> <span class='ocrx_word' id='word_1_54' title='bbox 369 1016 508 1075; x_wconf 87' lang='lat' dir='ltr'><strong>narranti</strong></span> <span class='ocrx_word' id='word_1_55' title='bbox 518 1021 554 1075; x_wconf 92' lang='lat' dir='ltr'><strong>tu</strong></span> <span class='ocrx_word' id='word_1_56' title='bbox 563 1013 654 1074; x_wconf 92' lang='lat' dir='ltr'><strong>modo</strong></span> <span class='ocrx_word' id='word_1_57' title='bbox 666 1012 761 1073; x_wconf 85' lang='lat' dir='ltr'><strong>crede</strong></span> <span class='ocrx_word' id='word_1_58' title='bbox 776 1012 844 1089; x_wconf 85' lang='lat' dir='ltr'><strong>deo.</strong></span> <span class='ocrx_word' id='word_1_59' title='bbox 935 1087 936 1090; x_wconf 7' lang='grc' dir='ltr'><strong>Ἴ</strong></span> 
     </span>
     <span class='ocr_line' id='line_1_11' title="bbox 223 1098 927 1183; baseline -0.006 -20"><span class='ocrx_word' id='word_1_60' title='bbox 223 1104 404 1183; x_wconf 80' lang='lat' dir='ltr'><strong>Opportuna</strong></span> <span class='ocrx_word' id='word_1_61' title='bbox 414 1118 482 1159; x_wconf 91' lang='lat' dir='ltr'><strong>mea</strong></span> <span class='ocrx_word' id='word_1_62' title='bbox 494 1104 543 1158; x_wconf 90' lang='lat' dir='ltr'><strong>est</strong></span> <span class='ocrx_word' id='word_1_63' title='bbox 553 1098 672 1157; x_wconf 90' lang='lat' dir='ltr'><strong>cunctis</strong></span> <span class='ocrx_word' id='word_1_64' title='bbox 682 1102 792 1157; x_wconf 89' lang='lat' dir='ltr'><strong>natura</strong></span> <span class='ocrx_word' id='word_1_65' title='bbox 802 1098 927 1175; x_wconf 84' lang='lat' dir='ltr'><strong>figuris:</strong></span> 
     </span>
     <span class='ocr_line' id='line_1_12' title="bbox 258 1180 956 1273; baseline -0.001 -27"><span class='ocrx_word' id='word_1_66' title='bbox 258 1184 295 1246; x_wconf 90' lang='lat' dir='ltr'><strong>In</strong></span> <span class='ocrx_word' id='word_1_67' title='bbox 306 1201 527 1273; x_wconf 69' lang='lat' dir='ltr'><strong>quamcumque</strong></span> <span class='ocrx_word' id='word_1_68' title='bbox 539 1180 624 1242; x_wconf 83' lang='lat' dir='ltr'><strong>voles</strong></span> <span class='ocrx_word' id='word_1_69' title='bbox 635 1187 734 1259; x_wconf 82' lang='lat' dir='ltr'><strong>verte,</strong></span> <span class='ocrx_word' id='word_1_70' title='bbox 746 1180 879 1241; x_wconf 88' lang='lat' dir='ltr'><strong>decorus</strong></span> <span class='ocrx_word' id='word_1_71' title='bbox 890 1201 956 1245; x_wconf 91' lang='lat' dir='ltr'><strong>ero.</strong></span> 
     </span>
     <span class='ocr_line' id='line_1_13' title="bbox 219 1264 943 1346; baseline -0.008 -17"><span class='ocrx_word' id='word_1_72' title='bbox 219 1267 554 1345; x_wconf 77' lang='lat' dir='ltr'><strong>induemecois,flam</strong></span> <span class='ocrx_word' id='word_1_73' title='bbox 563 1285 626 1325; x_wconf 93' lang='lat' dir='ltr'><strong>non</strong></span> <span class='ocrx_word' id='word_1_74' title='bbox 637 1264 843 1346; x_wconf 73' lang='lat' dir='ltr'><strong>durapuella3</strong></span> <span class='ocrx_word' id='word_1_75' title='bbox 941 1304 943 1308; x_wconf 25' lang='grc' dir='ltr'><em>ν</em></span> 
     </span>
     <span class='ocr_line' id='line_1_14' title="bbox 261 1350 996 1429; baseline -0.004 -15"><span class='ocrx_word' id='word_1_76' title='bbox 261 1353 379 1429; x_wconf 84' lang='lat' dir='ltr'>Meque</span> <span class='ocrx_word' id='word_1_77' title='bbox 389 1352 488 1412; x_wconf 83' lang='lat' dir='ltr'><strong>virum</strong></span> <span class='ocrx_word' id='word_1_78' title='bbox 500 1354 620 1428; x_wconf 89' lang='lat' dir='ltr'><strong>sumpta</strong></span> <span class='ocrx_word' id='word_1_79' title='bbox 632 1350 699 1426; x_wconf 85' lang='lat' dir='ltr'><strong>quis</strong></span> <span class='ocrx_word' id='word_1_80' title='bbox 712 1355 807 1426; x_wconf 83' lang='lat' dir='ltr'><strong>neget</strong></span> <span class='ocrx_word' id='word_1_81' title='bbox 819 1366 888 1409; x_wconf 88' lang='lat' dir='ltr'><strong>esse</strong></span> <span class='ocrx_word' id='word_1_82' title='bbox 899 1351 996 1429; x_wconf 70' lang='lat' dir='ltr'><strong>toga?</strong></span> 
     </span>
     <span class='ocr_line' id='line_1_15' title="bbox 165 1431 1057 1514; baseline 0 -18"><span class='ocrx_word' id='word_1_83' title='bbox 165 1443 201 1496; x_wconf 73' lang='lat'><strong>25</strong></span> <span class='ocrx_word' id='word_1_84' title='bbox 220 1435 267 1495; x_wconf 87' lang='lat' dir='ltr'><strong>Da</strong></span> <span class='ocrx_word' id='word_1_85' title='bbox 279 1431 393 1493; x_wconf 87' lang='lat' dir='ltr'><strong>falcem</strong></span> <span class='ocrx_word' id='word_1_86' title='bbox 406 1438 439 1492; x_wconf 91' lang='lat' dir='ltr'><strong>et</strong></span> <span class='ocrx_word' id='word_1_87' title='bbox 448 1438 532 1492; x_wconf 87' lang='lat' dir='ltr'><strong>torto</strong></span> <span class='ocrx_word' id='word_1_88' title='bbox 543 1432 680 1506; x_wconf 84' lang='lat' dir='ltr'><strong>frontem</strong></span> <span class='ocrx_word' id='word_1_89' title='bbox 691 1433 767 1491; x_wconf 92' lang='lat' dir='ltr'><strong>mihi</strong></span> <span class='ocrx_word' id='word_1_90' title='bbox 778 1435 948 1514; x_wconf 77' lang='lat' dir='ltr'><strong>comprime</strong></span> <span class='ocrx_word' id='word_1_91' title='bbox 958 1435 1057 1514; x_wconf 85' lang='lat' dir='ltr'><strong>faeno,</strong></span> 
     </span>
     <span class='ocr_line' id='line_1_16' title="bbox 259 1517 1032 1594; baseline -0.001 -17"><span class='ocrx_word' id='word_1_92' title='bbox 259 1517 849 1594; x_wconf 82' lang='lat' dir='ltr'><strong>iurabisnostragraminasectamanu.</strong></span> <span class='ocrx_word' id='word_1_93' title='bbox 1029 1589 1032 1593; x_wconf 19' lang='lat'>¹</span> 
     </span>
     <span class='ocr_line' id='line_1_17' title="bbox 220 1598 1043 1680; baseline 0.002 -19"><span class='ocrx_word' id='word_1_94' title='bbox 220 1603 315 1662; x_wconf 85' lang='lat' dir='ltr'><strong>Arma</strong></span> <span class='ocrx_word' id='word_1_95' title='bbox 326 1599 385 1661; x_wconf 89' lang='lat' dir='ltr'><strong>tuli</strong></span> <span class='ocrx_word' id='word_1_96' title='bbox 397 1599 550 1680; x_wconf 82' lang='lat' dir='ltr'><strong>quondam</strong></span> <span class='ocrx_word' id='word_1_97' title='bbox 561 1606 604 1676; x_wconf 85' lang='lat' dir='ltr'><strong>et,</strong></span> <span class='ocrx_word' id='word_1_98' title='bbox 616 1601 751 1678; x_wconf 79' lang='lat' dir='ltr'><strong>memini,</strong></span> <span class='ocrx_word' id='word_1_99' title='bbox 762 1598 911 1661; x_wconf 87' lang='lat' dir='ltr'><strong>laudabar</strong></span> <span class='ocrx_word' id='word_1_100' title='bbox 922 1603 955 1661; x_wconf 90' lang='lat' dir='ltr'><strong>in</strong></span> <span class='ocrx_word' id='word_1_101' title='bbox 965 1601 1043 1663; x_wconf 87' lang='lat' dir='ltr'><strong>illis:</strong></span> 
     </span>
     <span class='ocr_line' id='line_1_18' title="bbox 261 1683 953 1764; baseline 0 -17"><span class='ocrx_word' id='word_1_102' title='bbox 261 1686 373 1747; x_wconf 83' lang='lat' dir='ltr'><strong>Corbis</strong></span> <span class='ocrx_word' id='word_1_103' title='bbox 384 1685 417 1744; x_wconf 92' lang='lat' dir='ltr'><strong>in</strong></span> <span class='ocrx_word' id='word_1_104' title='bbox 427 1684 562 1764; x_wconf 88' lang='lat' dir='ltr'><strong>inposito</strong></span> <span class='ocrx_word' id='word_1_105' title='bbox 575 1683 715 1764; x_wconf 86' lang='lat' dir='ltr'><strong>pondere</strong></span> <span class='ocrx_word' id='word_1_106' title='bbox 726 1703 846 1745; x_wconf 87' lang='lat' dir='ltr'><strong>messor</strong></span> <span class='ocrx_word' id='word_1_107' title='bbox 857 1704 953 1748; x_wconf 88' lang='lat' dir='ltr'><strong>eram.</strong></span> 
     </span>
     <span class='ocr_line' id='line_1_19' title="bbox 220 1767 963 1848; baseline 0 -19"><span class='ocrx_word' id='word_1_108' title='bbox 220 1767 349 1829; x_wconf 78' lang='lat' dir='ltr'>Sobrius</span> <span class='ocrx_word' id='word_1_109' title='bbox 363 1767 402 1828; x_wconf 89' lang='lat' dir='ltr'><strong>ad</strong></span> <span class='ocrx_word' id='word_1_110' title='bbox 412 1767 554 1829; x_wconf 85' lang='lat' dir='ltr'><strong>lites:.at</strong></span> <span class='ocrx_word' id='word_1_111' title='bbox 564 1787 634 1827; x_wconf 94' lang='lat' dir='ltr'><strong>cum</strong></span> <span class='ocrx_word' id='word_1_112' title='bbox 645 1773 693 1827; x_wconf 90' lang='lat' dir='ltr'><strong>est</strong></span> <span class='ocrx_word' id='word_1_113' title='bbox 703 1768 827 1847; x_wconf 85' lang='lat' dir='ltr'><strong>inposta</strong></span> <span class='ocrx_word' id='word_1_114' title='bbox 838 1789 963 1848; x_wconf 84' lang='lat' dir='ltr'><strong>corona,</strong></span> 
     </span>
     <span class='ocr_line' id='line_1_20' title="bbox 165 1851 822 1932; baseline -0.005 -16"><span class='ocrx_word' id='word_1_115' title='bbox 165 1861 201 1916; x_wconf 79' lang='lat'><strong>30</strong></span> <span class='ocrx_word' id='word_1_116' title='bbox 263 1851 416 1913; x_wconf 80' lang='lat' dir='ltr'><strong>Clamabis</strong></span> <span class='ocrx_word' id='word_1_117' title='bbox 428 1853 521 1932; x_wconf 84' lang='lat' dir='ltr'><strong>capiti</strong></span> <span class='ocrx_word' id='word_1_118' title='bbox 531 1853 602 1911; x_wconf 78' lang='lat' dir='ltr'><strong>uina</strong></span> <span class='ocrx_word' id='word_1_119' title='bbox 612 1852 732 1911; x_wconf 83' lang='lat' dir='ltr'><strong>subisse</strong></span> <span class='ocrx_word' id='word_1_120' title='bbox 744 1871 822 1913; x_wconf 94' lang='lat' dir='ltr'><strong>meo.</strong></span> 
     </span>
     <span class='ocr_line' id='line_1_21' title="bbox 221 1935 952 2016; baseline 0 -19"><span class='ocrx_word' id='word_1_121' title='bbox 221 1936 319 2015; x_wconf 79' lang='lat' dir='ltr'><strong>Cinge</strong></span> <span class='ocrx_word' id='word_1_122' title='bbox 332 1942 423 2016; x_wconf 86' lang='lat' dir='ltr'><strong>caput</strong></span> <span class='ocrx_word' id='word_1_123' title='bbox 433 1937 534 2012; x_wconf 83' lang='lat' dir='ltr'><strong>mitra,</strong></span> <span class='ocrx_word' id='word_1_124' title='bbox 544 1937 684 2015; x_wconf 35' lang='lat' dir='ltr'><strong>,speciem</strong></span> <span class='ocrx_word' id='word_1_125' title='bbox 694 1935 822 1997; x_wconf 84' lang='lat' dir='ltr'><strong>furabor</strong></span> <span class='ocrx_word' id='word_1_126' title='bbox 832 1937 952 1997; x_wconf 84' lang='lat' dir='ltr'><strong>iacchi:</strong></span> 
     </span>
     <span class='ocr_line' id='line_1_22' title="bbox 257 2017 922 2099; baseline 0.008 -19"><span class='ocrx_word' id='word_1_127' title='bbox 257 2020 399 2080; x_wconf 85' lang='lat' dir='ltr'><strong>Furabor</strong></span> <span class='ocrx_word' id='word_1_128' title='bbox 409 2019 540 2096; x_wconf 86' lang='lat' dir='ltr'><strong>Phoebi,</strong></span> <span class='ocrx_word' id='word_1_129' title='bbox 551 2020 680 2079; x_wconf 88' lang='lat' dir='ltr'><strong>simodo</strong></span> <span class='ocrx_word' id='word_1_130' title='bbox 692 2017 814 2099; x_wconf 90' lang='lat' dir='ltr'><strong>plectra</strong></span> <span class='ocrx_word' id='word_1_131' title='bbox 825 2019 922 2084; x_wconf 84' lang='lat' dir='ltr'><strong>dabis.</strong></span> 
     </span>
     <span class='ocr_line' id='line_1_23' title="bbox 214 2101 1034 2185; baseline 0.005 -26"><span class='ocrx_word' id='word_1_132' title='bbox 214 2102 363 2162; x_wconf 68' lang='lat' dir='ltr'><strong>,cassibus</strong></span> <span class='ocrx_word' id='word_1_133' title='bbox 377 2102 521 2179; x_wconf 86' lang='lat' dir='ltr'><strong>inpositis</strong></span> <span class='ocrx_word' id='word_1_134' title='bbox 531 2119 642 2162; x_wconf 87' lang='lat' dir='ltr'><strong>venor:</strong></span> <span class='ocrx_word' id='word_1_135' title='bbox 664 2101 1034 2185; x_wconf 10' lang='lat' dir='ltr'><strong>sedharundineisumpta</strong></span> 
     </span>
     <span class='ocr_line' id='line_1_24' title="bbox 257 2181 870 2268; baseline 0.003 -23"><span class='ocrx_word' id='word_1_136' title='bbox 257 2183 381 2245; x_wconf 79' lang='lat' dir='ltr'><strong>Faunus</strong></span> <span class='ocrx_word' id='word_1_137' title='bbox 391 2181 533 2262; x_wconf 80' lang='lat' dir='ltr'><strong>plumoso</strong></span> <span class='ocrx_word' id='word_1_138' title='bbox 546 2203 611 2253; x_wconf 80' lang='lat' dir='ltr'><strong>sum</strong></span> <span class='ocrx_word' id='word_1_139' title='bbox 623 2185 848 2268; x_wconf 86' lang='lat' dir='ltr'><strong>deusaucupio.</strong></span> <span class='ocrx_word' id='word_1_140' title='bbox 864 2228 870 2235; x_wconf 67' lang='grc'><em>«</em></span> 
     </span>
     <span class='ocr_line' id='line_1_25' title="bbox 165 2267 986 2351; baseline 0.001 -21"><span class='ocrx_word' id='word_1_141' title='bbox 165 2275 199 2330; x_wconf 80' lang='grc'><strong>35</strong></span> <span class='ocrx_word' id='word_1_142' title='bbox 219 2267 278 2329; x_wconf 71' lang='lat' dir='ltr'><strong>nat</strong></span> <span class='ocrx_word' id='word_1_143' title='bbox 289 2268 383 2328; x_wconf 90' lang='lat' dir='ltr'><strong>etiam</strong></span> <span class='ocrx_word' id='word_1_144' title='bbox 395 2268 518 2346; x_wconf 83' lang='lat' dir='ltr'><strong>aurigae</strong></span> <span class='ocrx_word' id='word_1_145' title='bbox 530 2271 652 2348; x_wconf 89' lang='lat' dir='ltr'><strong>species</strong></span> <span class='ocrx_word' id='word_1_146' title='bbox 663 2271 851 2333; x_wconf 84' lang='lat' dir='ltr'><strong>Vertumnus</strong></span> <span class='ocrx_word' id='word_1_147' title='bbox 863 2275 896 2348; x_wconf 75' lang='lat' dir='ltr'><strong>et</strong></span> <span class='ocrx_word' id='word_1_148' title='bbox 908 2273 986 2351; x_wconf 90' lang='lat' dir='ltr'><strong>cius,</strong></span> 
     </span>
     <span class='ocr_line' id='line_1_26' title="bbox 259 2349 893 2434; baseline 0.008 -24"><span class='ocrx_word' id='word_1_149' title='bbox 259 2350 381 2411; x_wconf 87' lang='lat' dir='ltr'><strong>Traicit</strong></span> <span class='ocrx_word' id='word_1_150' title='bbox 392 2349 514 2412; x_wconf 87' lang='lat' dir='ltr'><strong>alterno</strong></span> <span class='ocrx_word' id='word_1_151' title='bbox 527 2355 580 2432; x_wconf 89' lang='lat' dir='ltr'><strong>qui</strong></span> <span class='ocrx_word' id='word_1_152' title='bbox 590 2353 661 2415; x_wconf 85' lang='lat' dir='ltr'><strong>leve</strong></span> <span class='ocrx_word' id='word_1_153' title='bbox 672 2354 793 2434; x_wconf 89' lang='lat' dir='ltr'><strong>pondus</strong></span> <span class='ocrx_word' id='word_1_154' title='bbox 804 2374 893 2434; x_wconf 83' lang='lat' dir='ltr'><strong>equo.</strong></span> 
     </span>
     <span class='ocr_line' id='line_1_27' title="bbox 217 2432 993 2518; baseline 0.008 -24"><span class='ocrx_word' id='word_1_155' title='bbox 217 2432 369 2516; x_wconf 87' lang='lat' dir='ltr'><strong>Suppetat</strong></span> <span class='ocrx_word' id='word_1_156' title='bbox 379 2435 449 2514; x_wconf 89' lang='lat' dir='ltr'><strong>hoc,</strong></span> <span class='ocrx_word' id='word_1_157' title='bbox 460 2438 563 2515; x_wconf 81' lang='lat' dir='ltr'><strong>pisces</strong></span> <span class='ocrx_word' id='word_1_158' title='bbox 575 2437 689 2505; x_wconf 88' lang='lat' dir='ltr'><strong>calamo</strong></span> <span class='ocrx_word' id='word_1_159' title='bbox 701 2438 885 2518; x_wconf 86' lang='lat' dir='ltr'><strong>praedobor‚</strong></span> <span class='ocrx_word' id='word_1_160' title='bbox 898 2445 932 2499; x_wconf 86' lang='lat' dir='ltr'><strong>et</strong></span> <span class='ocrx_word' id='word_1_161' title='bbox 942 2440 993 2500; x_wconf 90' lang='lat' dir='ltr'><strong>ibo</strong></span> 
     </span>
     <span class='ocr_line' id='line_1_28' title="bbox 257 2519 1097 2584; baseline 0.004 -3"><span class='ocrx_word' id='word_1_162' title='bbox 257 2519 393 2581; x_wconf 88' lang='lat' dir='ltr'><strong>Mundus</strong></span> <span class='ocrx_word' id='word_1_163' title='bbox 405 2520 547 2580; x_wconf 86' lang='lat' dir='ltr'><strong>demisis</strong></span> <span class='ocrx_word' id='word_1_164' title='bbox 558 2521 684 2582; x_wconf 89' lang='lat' dir='ltr'><strong>institor</strong></span> <span class='ocrx_word' id='word_1_165' title='bbox 694 2524 728 2582; x_wconf 91' lang='lat' dir='ltr'><strong>in</strong></span> <span class='ocrx_word' id='word_1_166' title='bbox 738 2523 861 2584; x_wconf 88' lang='lat' dir='ltr'><strong>tunicis.</strong></span> <span class='ocrx_word' id='word_1_167' title='bbox 1095 2526 1097 2533; x_wconf 88' lang='lat'>&#39;</span> 
     </span>
     <span class='ocr_line' id='line_1_29' title="bbox 215 2601 993 2683; baseline 0.008 -23"><span class='ocrx_word' id='word_1_168' title='bbox 215 2601 377 2664; x_wconf 87' lang='lat' dir='ltr'><strong>Pastorem</strong></span> <span class='ocrx_word' id='word_1_169' title='bbox 388 2602 427 2663; x_wconf 89' lang='lat' dir='ltr'><strong>ad</strong></span> <span class='ocrx_word' id='word_1_170' title='bbox 436 2602 579 2664; x_wconf 89' lang='lat' dir='ltr'><strong>baculum</strong></span> <span class='ocrx_word' id='word_1_171' title='bbox 589 2625 715 2683; x_wconf 89' lang='lat' dir='ltr'><strong>possum</strong></span> <span class='ocrx_word' id='word_1_172' title='bbox 725 2626 835 2667; x_wconf 87' lang='lat' dir='ltr'><strong>curare</strong></span> <span class='ocrx_word' id='word_1_173' title='bbox 846 2603 898 2666; x_wconf 83' lang='lat' dir='ltr'><strong>vel</strong></span> <span class='ocrx_word' id='word_1_174' title='bbox 909 2606 993 2666; x_wconf 85' lang='lat' dir='ltr'><strong>idem</strong></span> 
     </span>
     <span class='ocr_line' id='line_1_30' title="bbox 161 2685 898 2768; baseline 0.003 -22"><span class='ocrx_word' id='word_1_175' title='bbox 161 2690 197 2746; x_wconf 81' lang='lat'><strong>40</strong></span> <span class='ocrx_word' id='word_1_176' title='bbox 261 2685 424 2767; x_wconf 88' lang='lat' dir='ltr'><strong>Sirpiculis</strong></span> <span class='ocrx_word' id='word_1_177' title='bbox 434 2687 537 2749; x_wconf 85' lang='lat' dir='ltr'><strong>medio</strong></span> <span class='ocrx_word' id='word_1_178' title='bbox 548 2686 678 2768; x_wconf 87' lang='lat' dir='ltr'><strong>pulvere</strong></span> <span class='ocrx_word' id='word_1_179' title='bbox 689 2690 776 2750; x_wconf 83' lang='lat' dir='ltr'><strong>ferre</strong></span> <span class='ocrx_word' id='word_1_180' title='bbox 788 2710 898 2750; x_wconf 85' lang='lat' dir='ltr'><strong>rosam.</strong></span> 
     </span>
    </p>

    <p class='ocr_par' dir='ltr' id='par_1_3' title="bbox 213 2767 1071 3102">
     <span class='ocr_line' id='line_1_31' title="bbox 213 2767 1071 2853; baseline -0.001 -24"><span class='ocrx_word' id='word_1_181' title='bbox 213 2767 290 2830; x_wconf 85' lang='lat' dir='ltr'><strong>Num</strong></span> <span class='ocrx_word' id='word_1_182' title='bbox 302 2772 377 2850; x_wconf 84' lang='lat' dir='ltr'><strong>quid</strong></span> <span class='ocrx_word' id='word_1_183' title='bbox 388 2791 445 2851; x_wconf 82' lang='lat' dir='ltr'><strong>ego</strong></span> <span class='ocrx_word' id='word_1_184' title='bbox 456 2771 595 2850; x_wconf 84' lang='lat' dir='ltr'><strong>adiciam,</strong></span> <span class='ocrx_word' id='word_1_185' title='bbox 608 2773 647 2833; x_wconf 85' lang='lat' dir='ltr'><strong>de</strong></span> <span class='ocrx_word' id='word_1_186' title='bbox 655 2793 715 2853; x_wconf 88' lang='lat' dir='ltr'><strong>quo</strong></span> <span class='ocrx_word' id='word_1_187' title='bbox 724 2775 800 2834; x_wconf 91' lang='lat' dir='ltr'><strong>mihi</strong></span> <span class='ocrx_word' id='word_1_188' title='bbox 806 2775 935 2834; x_wconf 83' lang='lat' dir='ltr'><strong>maxima</strong></span> <span class='ocrx_word' id='word_1_189' title='bbox 940 2773 1071 2842; x_wconf 78' lang='lat' dir='ltr'><strong>iamaest,</strong></span> 
     </span>
     <span class='ocr_line' id='line_1_32' title="bbox 254 2853 964 2934; baseline 0.006 -21"><span class='ocrx_word' id='word_1_190' title='bbox 254 2853 426 2915; x_wconf 87' lang='lat' dir='ltr'><strong>Hortorum</strong></span> <span class='ocrx_word' id='word_1_191' title='bbox 438 2857 472 2916; x_wconf 90' lang='lat' dir='ltr'><strong>in</strong></span> <span class='ocrx_word' id='word_1_192' title='bbox 482 2858 620 2916; x_wconf 91' lang='lat' dir='ltr'><strong>manibus</strong></span> <span class='ocrx_word' id='word_1_193' title='bbox 632 2856 713 2916; x_wconf 86' lang='lat' dir='ltr'><strong>dona</strong></span> <span class='ocrx_word' id='word_1_194' title='bbox 721 2858 852 2934; x_wconf 89' lang='lat' dir='ltr'><strong>probata</strong></span> <span class='ocrx_word' id='word_1_195' title='bbox 863 2857 964 2919; x_wconf 70' lang='lat' dir='ltr'><strong>meis?</strong></span> 
     </span>
     <span class='ocr_line' id='line_1_33' title="bbox 215 2934 1014 3016; baseline 0.005 -19"><span class='ocrx_word' id='word_1_196' title='bbox 215 2934 385 2997; x_wconf 78' lang='lat' dir='ltr'><strong>Caeruleus</strong></span> <span class='ocrx_word' id='word_1_197' title='bbox 397 2940 530 2997; x_wconf 84' lang='lat' dir='ltr'><strong>cucumis</strong></span> <span class='ocrx_word' id='word_1_198' title='bbox 540 2936 721 3016; x_wconf 83' lang='lat' dir='ltr'><strong>tumidoque</strong></span> <span class='ocrx_word' id='word_1_199' title='bbox 734 2938 892 2999; x_wconf 84' lang='lat' dir='ltr'><strong>cucurbita</strong></span> <span class='ocrx_word' id='word_1_200' title='bbox 905 2946 1014 3003; x_wconf 85' lang='lat' dir='ltr'><strong>ventre</strong></span> 
     </span>
     <span class='ocr_line' id='line_1_34' title="bbox 253 3018 891 3102; baseline 0.003 -22"><span class='ocrx_word' id='word_1_201' title='bbox 253 3018 309 3080; x_wconf 88' lang='lat' dir='ltr'><strong>Me</strong></span> <span class='ocrx_word' id='word_1_202' title='bbox 318 3023 407 3077; x_wconf 88' lang='lat' dir='ltr'><strong>notat</strong></span> <span class='ocrx_word' id='word_1_203' title='bbox 417 3023 451 3077; x_wconf 91' lang='lat' dir='ltr'><strong>et</strong></span> <span class='ocrx_word' id='word_1_204' title='bbox 459 3019 550 3078; x_wconf 92' lang='lat' dir='ltr'><strong>iunco</strong></span> <span class='ocrx_word' id='word_1_205' title='bbox 560 3020 696 3080; x_wconf 85' lang='lat' dir='ltr'><strong>brassica</strong></span> <span class='ocrx_word' id='word_1_206' title='bbox 705 3022 808 3081; x_wconf 83' lang='lat' dir='ltr'><strong>vincta</strong></span> <span class='ocrx_word' id='word_1_207' title='bbox 817 3020 891 3102; x_wconf 82' lang='lat' dir='ltr'><strong>levi,</strong></span> 
     </span>
    </p>

    <p class='ocr_par' dir='ltr' id='par_1_4' title="bbox 159 3097 1005 3525">
     <span class='ocr_line' id='line_1_35' title="bbox 159 3097 965 3185; baseline 0.01 -23"><span class='ocrx_word' id='word_1_208' title='bbox 159 3106 193 3162; x_wconf 76' lang='lat' dir='ltr'><strong>ts</strong></span> <span class='ocrx_word' id='word_1_209' title='bbox 214 3099 280 3161; x_wconf 90' lang='lat' dir='ltr'><strong>Nec</strong></span> <span class='ocrx_word' id='word_1_210' title='bbox 292 3101 351 3160; x_wconf 87' lang='lat' dir='ltr'><strong>flos</strong></span> <span class='ocrx_word' id='word_1_211' title='bbox 362 3097 443 3160; x_wconf 79' lang='lat' dir='ltr'><strong>ullus</strong></span> <span class='ocrx_word' id='word_1_212' title='bbox 454 3100 520 3162; x_wconf 88' lang='lat' dir='ltr'><strong>hiat</strong></span> <span class='ocrx_word' id='word_1_213' title='bbox 532 3103 641 3182; x_wconf 84' lang='lat' dir='ltr'><strong>pratis,</strong></span> <span class='ocrx_word' id='word_1_214' title='bbox 658 3107 731 3185; x_wconf 91' lang='lat' dir='ltr'><strong>quin</strong></span> <span class='ocrx_word' id='word_1_215' title='bbox 743 3104 800 3166; x_wconf 91' lang='lat' dir='ltr'><strong>ille</strong></span> <span class='ocrx_word' id='word_1_216' title='bbox 812 3104 965 3170; x_wconf 86' lang='lat' dir='ltr'><strong>decenter</strong></span> 
     </span>
     <span class='ocr_line' id='line_1_36' title="bbox 252 3183 1005 3270; baseline 0.012 -26"><span class='ocrx_word' id='word_1_217' title='bbox 252 3183 406 3261; x_wconf 88' lang='lat' dir='ltr'><strong>inpositus</strong></span> <span class='ocrx_word' id='word_1_218' title='bbox 417 3185 515 3247; x_wconf 87' lang='lat' dir='ltr'><strong>fronti</strong></span> <span class='ocrx_word' id='word_1_219' title='bbox 526 3186 672 3266; x_wconf 82' lang='lat' dir='ltr'><strong>langueat</strong></span> <span class='ocrx_word' id='word_1_220' title='bbox 681 3198 753 3251; x_wconf 85' lang='lat' dir='ltr'><strong>ante</strong></span> <span class='ocrx_word' id='word_1_221' title='bbox 764 3211 860 3252; x_wconf 87' lang='lat' dir='ltr'><strong>meae.</strong></span> <span class='ocrx_word' id='word_1_222' title='bbox 1001 3263 1005 3270; x_wconf 30' lang='lat'>¹</span> 
     </span>
     <span class='ocr_line' id='line_1_37' title="bbox 212 3266 994 3357; baseline 0.018 -33"><span class='ocrx_word' id='word_1_223' title='bbox 212 3266 255 3325; x_wconf 82' lang='lat' dir='ltr'><strong>At</strong></span> <span class='ocrx_word' id='word_1_224' title='bbox 265 3267 351 3344; x_wconf 89' lang='lat' dir='ltr'><strong>mihi,</strong></span> <span class='ocrx_word' id='word_1_225' title='bbox 364 3269 447 3346; x_wconf 85' lang='lat' dir='ltr'><strong>quod</strong></span> <span class='ocrx_word' id='word_1_226' title='bbox 456 3270 571 3332; x_wconf 85' lang='lat' dir='ltr'><strong>formas</strong></span> <span class='ocrx_word' id='word_1_227' title='bbox 582 3292 660 3333; x_wconf 87' lang='lat' dir='ltr'><strong>unus</strong></span> <span class='ocrx_word' id='word_1_228' title='bbox 673 3278 818 3337; x_wconf 89' lang='lat' dir='ltr'><strong>vertebar</strong></span> <span class='ocrx_word' id='word_1_229' title='bbox 829 3279 862 3335; x_wconf 88' lang='lat' dir='ltr'><strong>in</strong></span> <span class='ocrx_word' id='word_1_230' title='bbox 874 3295 994 3357; x_wconf 86' lang='lat' dir='ltr'><strong>omnes,</strong></span> 
     </span>
     <span class='ocr_line' id='line_1_38' title="bbox 252 3347 887 3439; baseline 0.02 -31"><span class='ocrx_word' id='word_1_231' title='bbox 252 3347 372 3411; x_wconf 90' lang='lat' dir='ltr'><strong>Nomen</strong></span> <span class='ocrx_word' id='word_1_232' title='bbox 384 3354 420 3413; x_wconf 92' lang='lat' dir='ltr'><strong>ab</strong></span> <span class='ocrx_word' id='word_1_233' title='bbox 433 3363 545 3416; x_wconf 89' lang='lat' dir='ltr'><strong>eventu</strong></span> <span class='ocrx_word' id='word_1_234' title='bbox 557 3359 658 3436; x_wconf 86' lang='lat' dir='ltr'><strong>patria</strong></span> <span class='ocrx_word' id='word_1_235' title='bbox 667 3359 771 3439; x_wconf 83' lang='lat' dir='ltr'><strong>lingua</strong></span> <span class='ocrx_word' id='word_1_236' title='bbox 784 3359 887 3435; x_wconf 79' lang='lat' dir='ltr'><strong>dedit3</strong></span> 
     </span>
     <span class='ocr_line' id='line_1_39' title="bbox 210 3431 944 3525; baseline 0.016 -32"><span class='ocrx_word' id='word_1_237' title='bbox 210 3431 253 3494; x_wconf 83' lang='lat' dir='ltr'><strong>Et</strong></span> <span class='ocrx_word' id='word_1_238' title='bbox 261 3439 307 3515; x_wconf 88' lang='lat' dir='ltr'><strong>tu,</strong></span> <span class='ocrx_word' id='word_1_239' title='bbox 318 3434 424 3517; x_wconf 83' lang='lat' dir='ltr'><strong>Roma,</strong></span> <span class='ocrx_word' id='word_1_240' title='bbox 436 3441 513 3500; x_wconf 88' lang='lat' dir='ltr'><strong>meis</strong></span> <span class='ocrx_word' id='word_1_241' title='bbox 523 3441 662 3503; x_wconf 86' lang='lat' dir='ltr'><strong>tribuisti</strong></span> <span class='ocrx_word' id='word_1_242' title='bbox 672 3445 809 3525; x_wconf 89' lang='lat' dir='ltr'><strong>praemia</strong></span> <span class='ocrx_word' id='word_1_243' title='bbox 821 3443 944 3524; x_wconf 84' lang='lat' dir='ltr'><strong>Tuscis,</strong></span> 
     </span>
    </p>
   </div>
   <div class='ocr_carea' id='block_1_3' title="bbox 0 0 1114 3846">
    <p class='ocr_par' dir='ltr' id='par_1_5' title="bbox 0 0 1114 3846">
     <span class='ocr_line' id='line_1_40' title="bbox 0 0 1114 3846; baseline 0 0"><span class='ocrx_word' id='word_1_244' title='bbox 0 0 1114 3846; x_wconf 95' lang='lat' dir='ltr'><strong> </strong></span> 
     </span>
    </p>
   </div>
  </div>
 </body>
</html>
