2220 3846
317 206 508 270 LIBER
549 209 731 290 1v‚14,ra.
961 213 1003 281 77

125 373 220 434 Prata
230 379 432 434 cruentantur
442 375 556 454 Zetho,
567 377 730 455 victorque
742 381 870 441 canebat

167 457 290 517 Paeana
300 459 455 537 Amphion
466 477 555 538 rupe,
566 460 757 540 Aracyntho,
769 467 828 524 tua.

126 541 170 600 At
179 546 214 600 tu
225 542 439 602 ncn'meritam
450 562 558 622 parcas
569 562 680 605 vexare
692 545 875 624 Lycinnam:

167 624 275 685 Nescit
285 632 388 685 restra
399 645 494 685 ruens
506 628 554 685 ira
562 627 687 689 referre
697 628 820 709 pedem.

74 714 105 768 lb
124 706 245 768 Fabula
256 709 340 769 nulla
350 715 418 769 tuas
429 708 470 768 de
480 709 569 769 nobis
582 713 718 772 concitet
729 732 833 774 aurea:
924 752 927 756 ‹

167 790 216 852 'l'e
228 790 326 853 solam
336 798 370 853 et
381 791 475 870 lignis
487 792 607 853 funeris
620 802 707 856 ustus
718 805 825 859 amem.

74 920 109 1017 ,5
123 919 197 1020 Nox
212 958 325 1038 media,
344 966 377 1021 et
386 960 527 1022 dominae
538 965 614 1024 mihi
624 965 709 1024 venit
720 963 853 1045 epistola
863 984 919 1024 no·
942 929 997 1024 lll

604 1053 703 1107 strae:

165 1126 284 1187 Tibure
294 1146 344 1188 me
355 1129 448 1190 missa
458 1130 549 1189 iussit
560 1129 669 1190 adesse
680 1150 777 1209 mora,

124 1209 263 1271 candida
275 1232 336 1292 qua
347 1215 483 1290 geminas
494 1212 663 1273 ostendunt
673 1213 807 1273 culmina
817 1220 931 1292 turres,

161 1294 203 1355 ht
214 1295 298 1357 eadit
307 1298 341 1356 in
349 1295 472 1377 patulos
483 1295 608 1377 lympha
618 1298 739 1358 Aniena
748 1297 843 1359 lac'us.

91 1384 106 1437 5
126 1378 208 1454 Quid
218 1382 351 1442 faciam?
363 1380 505 1443 obductis
517 1383 704 1442 committam
716 1401 805 1443 mene
818 1381 968 1461 tenebris,

163 1463 207 1526 Ut
220 1466 345 1527 timeam
353 1465 486 1527 audaces
496 1467 529 1525 in
540 1485 609 1526 mea
619 1468 756 1527 membra
765 1467 894 1527 manus?

124 1550 167 1609 At
177 1550 204 1608 ai
216 1548 367 1609 distulero
380 1551 459 1610 haec
473 1555 581 1628 nostra
592 1549 736 1608 mandata
747 1552 871 1625 timore,

163 1631 323 1689 Nocturna
335 1632 428 1689 fletus
439 1632 559 1689 saevior
569 1632 660 1690 hoste
672 1632 758 1692 mihi.

121 1710 407 1789 Peccaramsemel,
418 1717 560 1771 attatum
572 1731 638 1771 sum
648 1711 755 1791 pulsus
765 1714 799 1772 in
810 1733 936 1774 aunum:

80 1805 107 1858 10
165 1797 261 1858 Inme
272 1801 445 1856 mansuetas
456 1813 519 1854 non
530 1796 624 1855 habet
634 1795 690 1856 illa
699 1817 815 1858 manus.

122 1882 188 1942 Nec
199 1886 303 1940 tamen
312 1886 362 1940 eat
373 1881 543 1958 quisquam,
554 1898 659 1941 sacros
671 1883 724 1960 qui
731 1879 837 1942 laedat
843 1887 994 1943 amentes:

141 2021 144 2025 .
163 1964 302 2025 Scironis
316 1963 418 2024 media
431 1965 476 2024 sic
486 1961 564 2023 lieet
573 1965 622 2023 ire
632 1967 689 2027 via.

124 2049 269 2134 quisquis
281 2055 398 2109 amator
409 2049 481 2125 erit,
493 2047 647 2124 Scythicis
658 2048 736 2108 licet
746 2046 883 2109 ambulet
895 2040 973 2110 ori'r:

162 2132 259 2200 Nemo
271 2132 360 2210 adeo,
371 2139 406 2194 ut
415 2137 537 2210 noceat,
548 2131 698 2194 barbarus
711 2137 781 2192 es'se
792 2132 885 2197 volet.

74 2217 103 2276 lb
121 2217 208 2276 Luna
219 2218 375 2276 ministrat
385 2218 458 2294 iter,
470 2215 683 2277 demonstrant
694 2223 776 2277 astra
787 2216 934 2295 salebras,

160 2301 231 2380 lpse
242 2300 337 2358 Amor
349 2316 494 2358 accensas
503 2300 641 2375 percutit
650 2304 722 2356 ante
733 2298 829 2374 facea,
907 2336 910 2343 ι

123 2382 219 2445 Saeva
229 2401 337 2443 eanum
347 2379 450 2440 rabies
460 2397 580 2438 morus
591 2382 703 2439 avertit
712 2381 842 2439 hiantis:

163 2469 246 2528 lluic
257 2466 366 2546 generi
377 2463 483 2543 quasia
494 2468 637 2541 tempore
647 2467 714 2522 tuta
724 2463 773 2521 via
784 2468 841 2522 est.

123 2551 278 2630 Sanguine
289 2558 351 2611 tam
361 2567 454 2630 parvo
466 2548 536 2625 quia
547 2547 631 2606 enim
643 2551 805 2626 spargatur
816 2546 943 2606 amantis

74 2636 102 2696 lh
162 2635 345 2715 lmprobusi
367 2632 498 2693 exclusis
509 2632 546 2691 fit
556 2648 659 2691 comes
670 2633 738 2710 ipsa
748 2630 863 2691 Venus.
934 2640 937 2645 '

122 2719 250 2796 Quodsi
263 2724 348 2777 certa
358 2734 444 2778 meos
456 2720 664 2794 sequerentur
673 2715 786 2774 funera
798 2733 895 2792 casus,
1011 2723 1015 2731 '

164 2800 253 2863 Talis
266 2820 348 2862 mora
359 2801 462 2881 pretio
473 2796 525 2858 rel
536 2799 578 2858 ait
588 2798 719 2858 emenda
729 2799 813 2859 mihi.

121 2886 256 2948 Adferat
266 2889 344 2947 haec
355 2889 512 2963 unguenta
522 2883 598 2942 mihi
610 2885 766 2963 sertisque
776 2880 953 2962 sepulcrum

164 2971 295 3032 0rnabit
306 2976 409 3030 custos
420 2967 460 3028 ad
470 2985 538 3026 mea
548 2959 639 3027 b‘uta
649 2968 771 3029 sedena.

74 3059 101 3115 2⁵
123 3055 162 3115 Di
172 3055 297 3130 faciant,
308 3073 376 3112 mea
385 3071 427 3112 ne
437 3058 524 3111 terra
533 3050 618 3110 locet
629 3071 699 3113 casa
707 3051 878 3130 frequenti,

162 3140 229 3214 Qua
239 3139 314 3197 facit
326 3135 447 3196 assiduo
459 3135 583 3195 tramite
594 3135 791 3215 vulgariter:

120 3222 198 3283 Post
208 3228 339 3281 mortem
350 3217 460 3279 tumuli
471 3219 516 3278 sic
527 3219 713 3280 infamantur
725 3224 892 3280 amantum:

162 3306 217 3366 Me
227 3311 313 3382 tegat
324 3305 454 3364 arborea
467 3301 555 3362 devia
565 3308 652 3363 terra
663 3322 758 3381 coma,

120 3389 184 3450 Aut
194 3391 304 3449 humer
315 3390 439 3466 ignotae
450 3385 579 3446 cumulis
590 3387 722 3449 vallatus
733 3404 861 3448 arenae:

74 3477 102 3535 io
160 3468 602 3533 Noniuvatinmedianomen
612 3472 796 3536 habereria.
