2220 3846
95 254 157 322 102
390 244 754 310 PROPERTII

220 419 364 494 Narrant,
374 417 523 476 historiae
535 420 664 500 pectora
673 418 748 472 nota
759 430 847 472 suaet

126 514 161 572 65
181 503 268 566 Haec
280 516 334 562 sua
344 501 491 560 maternis
505 499 645 577 queritur
655 495 755 555 livere
768 497 888 556 catenis

221 585 353 647 Brachia
362 602 421 642 nec
434 583 559 641 meritas
569 578 683 659 frigida
697 599 766 638 saxa
777 599 903 640 manus:

101 717 105 724 .
136 665 138 669 ’
180 671 294 732 Narrat
303 669 549 747 Hypermnestre
562 683 703 742 magnum
714 681 801 722 ausas
815 682 887 723 esso
897 685 1034 746 sorores,

222 754 257 813 ln
269 749 371 811 scelus
381 751 441 808 hoc
454 749 586 808 animum
596 767 659 806 non
669 744 802 805 ualuisse
814 765 915 811 suum.

183 835 234 911 Sic
245 836 354 894 mortis
364 833 500 906 lacrimis
513 832 594 892 vitae
606 849 745 889 sanamus
757 849 896 891 amores:
958 855 962 859 ·

128 930 164 985 'lo
223 916 299 979 Gelo
311 935 368 994 ego
379 913 529 995 perfidiae
542 915 670 973 crimina
680 911 775 972 multa
785 919 869 974 tuae.

60 996 61 1003 ¹
184 1000 248 1062 Sed
257 1001 316 1060 tibi
327 1017 407 1058 nuno
419 995 560 1057 mandata
571 996 685 1074 damus,
697 996 723 1055 si
734 996 818 1055 forte
829 1000 981 1077 moveris,

225 1085 258 1144 Si
270 1090 302 1144 te
314 1101 376 1161 non
386 1087 486 1141 totum
495 1079 628 1153 Doridos
639 1081 738 1139 herba
748 1086 853 1139 tenet:
904 1107 908 1111 ·

182 1168 293 1230 Nutrix
303 1167 336 1224 in
347 1164 490 1226 tremulis
500 1184 541 1223 ne
553 1163 627 1243 quid
638 1162 799 1223 desideret
809 1165 899 1223 annis

155 1276 157 1280 ’
223 1251 408 1311 Parthenic:
430 1249 540 1328 patuit,
551 1266 610 1307 nec
621 1248 679 1307 tibi
691 1267 780 1305 avara
790 1247 861 1308 fuit.
887 1283 890 1287 ι

130 1343 164 1398 75
185 1333 387 1410 Deliciacque
400 1351 485 1390 meae
498 1332 611 1408 Latris,
623 1331 673 1389 cui
682 1348 796 1389 nomen
808 1331 845 1388 ab
857 1348 917 1390 usn
929 1338 988 1409 est,

223 1416 270 1477 Nc
282 1414 439 1494 speculum
451 1413 591 1472 dominae
602 1415 742 1493 porrigat
751 1412 804 1472 illa
814 1432 924 1475 novae.

183 1500 226 1562 Et
237 1515 444 1578 quoscumque
455 1515 524 1556 meo
536 1497 641 1556 fecisti
651 1497 775 1556 nomine
785 1514 905 1575 versus,

223 1583 289 1644 Ure
300 1582 391 1641 mihi:
411 1579 520 1640 laudes
533 1575 641 1640 desine
651 1580 769 1640 habere
779 1599 874 1643 meas.

183 1665 275 1726 Pelle
287 1664 435 1725 hederam
441 1664 567 1741 tumulo,
579 1665 654 1723 mihi
662 1682 739 1743 quae
746 1670 904 1744 pugnante
912 1665 1054 1744 corymbo

120 1757 165 1813 ,80
226 1747 337 1810 Mollia
348 1750 498 1809 contortis
511 1746 626 1826 adiigat
637 1766 706 1807 ossa
718 1748 822 1808 comis.

184 1833 324 1894 Pomosis
337 1833 416 1892 Anio
430 1851 489 1910 qua
499 1831 648 1910 spumifer
657 1832 784 1891 incubat
795 1833 886 1909 arvis,

223 1918 265 1978 Et
275 1932 439 1994 numquam
449 1913 605 1974 Herculeo
617 1915 742 1974 numine
753 1911 853 1996 pallet
864 1917 955 1992 ebur,

183 1999 245 2065 Hic
256 2018 380 2058 carmen
392 1996 493 2057 media
507 1996 632 2076 dignum
643 2017 692 2057 me
704 1999 806 2058 scribe
819 1994 973 2075 columna7

226 2081 289 2141 Sed
300 2083 406 2156 breve,
421 2079 504 2158 quod
517 2099 645 2140 currens
656 2088 763 2142 vector
775 2083 811 2141 ab
824 2082 903 2142 urbe
914 2081 1016 2161 legata

129 2174 163 2229 85
185 2164 269 2235 “Hic
281 2162 446 2221 Tiburtina
456 2163 538 2221 iacet
547 2181 640 2222 aurea
651 2165 784 2244 Cynthia
794 2171 897 2224 terra:
963 2173 968 2184 ‘

222 2246 365 2306 Accessit
374 2246 461 2326 ripae
471 2244 548 2325 laus,
561 2247 692 2326 Aniene,
703 2252 808 2309 tuae.''

181 2330 247 2391 Nec
257 2337 292 2390 tu
304 2347 417 2411 sperne
428 2331 488 2411 piis
498 2332 653 2391 venientia
666 2333 783 2391 somnia
792 2333 909 2411 portia:

225 2416 302 2476 (ium
313 2416 365 2494 pia
375 2421 529 2475 venerunt
540 2416 666 2494 somnia,
680 2414 800 2494 pondus
811 2416 940 2476 habent.

183 2498 282 2559 Nocte
293 2516 386 2581 vagae
398 2500 539 2574 ferimur,
550 2518 611 2559 nox
623 2496 741 2559 clausas
751 2497 866 2558 liberat
878 2501 1017 2577 umbras,

130 2589 165 2644 90
225 2583 321 2643 Errat
330 2590 363 2641 et
374 2582 494 2641 abiecta
505 2583 662 2642 Cerberus
673 2584 741 2662 ipse
754 2600 832 2642 sera.
944 2654 948 2662 ι

181 2665 266 2725 Luce
277 2665 386 2725 iubent
396 2663 484 2743 leges
494 2661 631 2725 Lethaea
642 2665 681 2726 ad
691 2672 798 2744 stagna
808 2665 938 2752 reverti.

83 2744 86 2749 ’
222 2750 285 2809 Noa
296 2751 446 2827 vehimur,
456 2755 578 2810 vectum
588 2755 679 2809 nauta
689 2754 836 2809 recenset
847 2766 936 2810 onus.

180 2831 269 2891 Nunc
279 2839 312 2892 te
323 2831 504 2913 possideant
514 2832 606 2892 aliae:
628 2853 698 2892 mox
712 2831 777 2891 sola
787 2833 921 2892 tenebor

221 2913 346 2971 Mecum
357 2916 431 2991 eris,
444 2921 477 2973 et
487 2916 589 2974 mixtis
601 2915 719 2973 ossibus
731 2931 800 2972 osso
811 2918 934 2976 teram.'

128 3002 163 3056 95
183 2995 269 3054 Haec
280 3000 442 3073 postquam
454 2995 583 3073 querula
593 3014 712 3055 mecum
723 2996 780 3056 sub
790 2994 848 3057 lite
859 2999 995 3078 peregit,

221 3076 306 3138 lnter
317 3075 493 3159 complexus
507 3077 621 3139 excidit
631 3082 739 3140 umbro
750 3099 844 3142 meos.

137 3207 166 3302 8
181 3207 290 3321 Disce,
303 3244 377 3324 quid
388 3245 542 3325 Esquilias
554 3249 612 3307 hac
625 3255 718 3308 nocte
728 3248 844 3326 fugarit
855 3267 998 3327 aquosas,

222 3329 299 3390 (ium
308 3328 408 3388 vicina
418 3332 504 3390 novis
515 3333 606 3391 turba
617 3334 755 3392 cucurrit
766 3333 856 3411 agris.

178 3411 346 3472 Lanuvium
358 3415 463 3472 annosi
476 3420 563 3474 vetus
576 3421 625 3474 est
636 3416 733 3476 tutela
745 3413 899 3492 draconis,

219 3496 280 3557 Hic
291 3497 344 3557 ubi
354 3503 417 3558 tam
427 3516 516 3558 rarae
527 3518 589 3558 non
601 3500 685 3581 perit
695 3500 772 3558 hora
782 3514 899 3575 morae,
