2220 3846
317 188 703 267 n1aaa1nac
760 283 764 291 ¹
949 193 990 261 m

157 358 245 419 Nunc
256 357 315 417 tibi
325 376 383 436 pro
394 355 511 416 tumulo
524 356 723 434 carpathium
733 376 823 418 omne
833 377 918 420 mare
929 368 987 423 eat.

116 439 229 504 Infelix
239 439 366 520 Aquilo,
376 447 484 519 raptae
494 441 588 499 timor
599 439 770 517 Orithyiae,

160 527 245 602 Quae
256 523 355 603 apolia
366 542 404 584 cx
413 523 468 585 illo
479 528 564 583 tanta
573 523 665 583 fuere
676 523 756 582 tibi?

60 616 98 672 15
118 610 183 670 aut
194 607 339 687 quidnam
348 607 449 667 fracta
460 603 585 683 gaudeo,
595 604 750 686 Neptune,
762 608 887 668 carina?

159 692 308 752 Portabat
317 696 442 750 sanctos
452 688 556 748 alvena
566 687 624 748 ille
634 691 726 752 viros.
833 713 835 716 ’

115 775 223 853 Paete,
234 773 311 854 quid
322 769 455 833 aetatem
464 772 727 851 numerasltquid
738 793 808 834 cara
818 777 936 835 natanti

155 859 305 920 Mater-in
315 874 371 916 ore
383 857 441 916 tibi
451 856 522 915 cot?
543 857 710 917 nonhabet
721 856 803 917 unda
814 856 898 919 deos.

54 941 59 945 ’
113 941 191 1005 Nam
202 942 261 1001 tibi
270 941 430 999 nocturnis
441 938 481 998 ad
490 959 561 1000 aaxa
570 939 664 1018 ligata
676 940 823 1019 procellis

57 1035 96 1088 Ἄ)
154 1025 266 1085 Omnia
277 1022 392 1083 detrito
403 1021 526 1083 vincula
535 1024 611 1082 fane
622 1022 745 1085 cadunt.

117 1107 195 1169 Sunt
204 1108 457 1186 Agamemnonias
467 1108 616 1167 testantia
624 1104 718 1166 litora
730 1127 829 1182 curas,

157 1192 242 1267 Quae
252 1196 341 1251 notat
350 1192 492 1269 Argynni
501 1208 603 1270 poena
613 1189 875 1250 Athamantiadae.

115 1275 184 1335 Hoc
196 1277 307 1335 iuvene
319 1275 429 1334 amisso
442 1272 571 1334 classem
582 1292 646 1332 non
655 1272 747 1334 solvit
758 1272 896 1351 Atriden,

154 1358 216 1418 Pro
229 1379 289 1439 qna
298 1363 430 1419 mactata
440 1363 490 1418 cot
498 1357 659 1436 Iphigenia
669 1377 763 1418 mora.

56 1449 93 1504 25
112 1440 247 1502 Reddite
258 1461 371 1522 corpus
384 1442 488 1519 humo,
506 1441 714 1521 positaqnein
724 1441 920 1519 gurgitevita

153 1525 282 1584 Paetum
294 1531 405 1604 sponte
415 1532 478 1603 tna,
489 1523 560 1584 vilis
570 1525 697 1600 harena,
708 1531 806 1601 tegas,

111 1607 154 1668 lut
166 1609 309 1684 quotiens
319 1607 410 1666 Paeti
419 1609 565 1666 transibit
575 1613 667 1666 nanta
679 1605 863 1685 sepulcrum,

155 1689 246 1748 Dicat
256 1692 302 1747 ‘et
313 1685 569 1747 audacitatimor
580 1707 650 1747 eae
660 1692 773 1767 poteo?

112 1772 171 1847 lte,
183 1776 267 1830 ratea
279 1788 387 1830 carra·
399 1775 432 1830 et
441 1767 501 1830 leti
510 1772 608 1830 texite
619 1791 740 1832 causas:

53 1864 91 1918 30
152 1854 439 1934 lataperhnmanaa
449 1856 708 1915 moravcnitacta
717 1873 834 1916 manaa.

114 1938 216 1998 Terra
224 1956 333 2017 parum
344 1937 449 1997 fuerat
458 1937 542 2014 fatie,
554 1937 721 1998 adiecimus
731 1935 846 1998 unda:
963 1929 973 1940 ”

152 2023 311 2082 Fortunae
322 2022 451 2081 mireras
463 2023 599 2081 auximus
610 2027 678 2081 arte
687 2023 760 2081 viae.

113 2106 236 2166 Ancora
247 2112 281 2166 te
291 2110 409 2182 teneat,
427 2123 519 2183 quem
529 2123 592 2164 non
602 2105 901 2165 tenuerePenatea?

155 2187 237 2264 Quid
246 2191 392 2252 meritum
403 2188 498 2266 dicae,
510 2189 559 2247 cui
570 2207 625 2247 ana
634 2193 722 2249 terra
731 2207 839 2268 parum
850 2191 922 2249 eat?

53 2281 91 2336 35
113 2272 286 2333 Ventorum
297 2277 356 2348 eat,
369 2270 583 2349 quodcumque
592 2290 697 2349 paras:
712 2271 795 2331 hand
805 2270 870 2332 nlla
881 2274 984 2333 carina

154 2353 780 2433 Gomonmtfallitportuaetipaefidem.

112 2438 230 2498 Natura
240 2436 390 2498 insidians
401 2443 529 2517 pontum
540 2438 706 2498 substravit
716 2439 830 2498 avaris:

154 2523 199 2583 Ut
208 2523 266 2582 tibi
277 2520 433 2599 succedat,
443 2523 492 2582 vix
503 2518 601 2581 semel
611 2539 681 2582 esse
691 2529 804 2602 potest.

113 2604 192 2666 Saxa
202 2603 404 2685 triumphales
414 2605 540 2683 fregere
551 2606 712 2685 capharea
722 2623 852 2685 puppes,

55 2697 93 2751 40
154 2688 308 2766 Naufraga
320 2708 388 2748 cum
398 2695 484 2749 vaato
496 2690 628 2750 Graecia
638 2695 738 2749 tracta
749 2689 813 2747 salo
825 2694 882 2747 eat.

112 2770 278 2832 Paullatim
290 2773 407 2832 aooium
417 2774 565 2834 iacturam
575 2775 662 2834 flevit
672 2772 789 2848 Ulixes,

155 2856 190 2917 ln
200 2875 285 2916 marc
297 2856 346 2916 oni
357 2855 441 2917 aoliti
452 2876 515 2917 non
524 2857 650 2918 valuere
663 2854 735 2916 doli.

114 2938 205 3016 Quod
215 2941 242 2999 oi
252 2946 416 3003 contentus
425 2942 528 3022 patrio
541 2943 620 3002 bove
631 2945 772 3002 verteret
782 2956 882 3018 agros,

44 3040 47 3044 ’
152 3023 319 3102 Verbaque
330 3023 467 3086 duniact
477 3024 597 3105 pondus
608 3025 725 3085 habere
737 3042 815 3101 mea,
872 3102 874 3106 ,

57 3114 93 3168 45
115 3105 245 3168 Viveret
256 3114 328 3168 ante
338 3127 410 3168 anos
421 3107 520 3169 dulcia
531 3110 656 3169 conviva
666 3108 811 3184 Penates,

152 3189 286 3270 Pauper,
298 3198 330 3250 at
339 3192 372 3249 in
382 3198 477 3270 terra,
488 3191 533 3252 nil
545 3193 598 3251 nbi
608 3189 685 3250 flare
696 3196 810 3270 potest.

111 3273 180 3333 Non
191 3273 265 3334 tulit
275 3275 326 3333 hic
337 3275 450 3335 Paetus
461 3274 627 3335 stridorem
639 3274 747 3336 audire
757 3270 916 3357 procellae

133 3356 193 3419 ‘lut
202 3357 281 3419 duro
292 3364 418 3418 teneras
427 3357 555 3419 laedere
567 3360 768 3438 summanus,

111 3438 175 3501 Sed
187 3440 266 3502 chio
278 3442 411 3504 thalamo
424 3449 477 3504 aut
489 3443 594 3506 Oricia
603 3445 785 3508 terebintho

64 3523 274 3603 Pannaarans.
746 3523 778 3586 '5
900 3542 903 3547 ’
