2220 3846
297 204 721 285 oronnacsro.

73 423 99 516 9
115 423 270 518 Bicebam
280 457 337 517 tibi
347 461 504 532 venturos,
516 455 638 532 irrisor,
650 473 771 517 amores
843 486 846 491 ·

156 541 222 601 Nec
232 541 291 600 tibi
300 545 455 620 perpetuo
465 537 569 600 libera
577 541 672 613 verba
682 540 767 600 fore:

115 627 198 687 Ecce
209 627 292 684 iaces
303 621 496 704 supplexque
505 623 593 682 venis
603 621 643 683 ad
654 624 721 683 iura
730 622 867 705 puellae,

155 710 198 769 ut
209 709 267 768 tibi
277 727 360 768 nnnc
372 706 480 788 quovis
491 707 625 785 imperat
636 714 739 786 empta
749 708 849 771 modo.

78 801 94 852 5
115 793 185 852 Non
195 809 245 852 me
256 791 412 852 Chaoniae
423 790 546 849 vincant
556 791 589 848 in
600 809 703 850 amore
716 790 876 854 columbae

157 876 282 950 Dicere,
295 893 371 952 quos
382 875 508 934 iuvenes
520 892 660 952 quaeque
670 873 777 954 puella
789 876 902 939 domet.

113 959 169 1020 Me
181 957 271 1018 dolor
282 964 314 1017 et
323 958 468 1018 lacrimae
478 959 591 1018 merito
602 959 710 1018 fecere
721 961 872 1039 peritum:

154 1043 257 1121 Atque
268 1043 384 1101 utinam
395 1043 500 1121 posito
511 1041 597 1101 dicar
608 1060 713 1102 amore
723 1043 825 1103 rudis!

114 1125 195 1201 Quid
208 1127 265 1185 tibi
275 1144 357 1185 nuuc
366 1127 483 1185 misero
493 1124 624 1204 prodest
637 1143 730 1203 grave
743 1127 850 1187 dicere
861 1136 985 1190 carmen

58 1219 94 1270 10
153 1211 216 1269 Ant
226 1210 429 1289 Amphioniae
443 1210 565 1268 moenia
576 1210 656 1268 flere
666 1207 779 1287 lyrae?

112 1290 187 1352 Plus
198 1294 232 1353 iu
243 1310 348 1352 amore
357 1291 442 1352 valet
451 1293 631 1353 Mimnermi
641 1311 749 1353 versus
761 1292 913 1356 Homero:

153 1377 296 1437 Carmina
306 1383 482 1438 mansuetus
495 1374 581 1437 lenia
592 1378 715 1456 quaerit
724 1379 829 1440 Amor.

112 1460 127 1519 1
137 1479 250 1539 quaeso
260 1466 296 1521 ct
304 1463 405 1522 tristis
415 1463 492 1522 istor
504 1480 654 1542 compone
665 1458 794 1522 libellos

151 1546 193 1604 ut
204 1565 279 1605 caue
292 1544 375 1624 quod
388 1548 512 1624 quaevis
522 1564 615 1606 nosse
626 1542 734 1625 puella
744 1544 829 1605 velit.

54 1635 89 1688 15
112 1627 195 1703 Quid
208 1629 234 1686 si
245 1648 308 1687 uon
319 1636 404 1688 esset
415 1628 518 1688 facilis
529 1631 589 1688 tibi
601 1629 712 1706 copia?
732 1646 813 1687 nnuc
823 1619 859 1686 iu

154 1710 280 1769 Imauus
290 1711 393 1769 medio
406 1712 532 1770 flumine
543 1711 666 1790 quoeris
677 1729 794 1790 aquam.

51 1819 56 1828 ·
109 1793 250 1854 Necdum
262 1795 354 1853 etiam
363 1793 473 1873 palles,
484 1810 559 1855 sero
570 1812 629 1853 nec
640 1796 778 1873 tangeris
788 1795 870 1873 igni:

27 1867 48 1902 ³
150 1879 237 1937 Haec
248 1883 298 1937 est
307 1879 430 1938 venturi
439 1879 538 1958 prima
548 1876 653 1939 favilla
661 1877 742 1939 mali.

111 1961 191 2022 Tum
204 1964 300 2041 magis
310 1964 474 2022 Armenias
485 1964 592 2042 cupies
604 1962 755 2023 accedere
765 1964 864 2042 tigres
956 1975 980 2039 ·'{
1087 2046 1089 2050 Α

54 2055 91 2106 20
151 2045 193 2107 Ει
203 2048 299 2124 magis
309 2047 451 2107 infernae
463 2046 585 2106 vincula
594 2065 686 2107 nosse
697 2053 796 2124 rotae,

111 2129 207 2205 Quam
217 2132 307 2209 pueri
315 2133 432 2191 totiens
446 2143 551 2190 arcum
562 2132 681 2192 sentire
692 2129 847 2197 medullis„

148 2213 191 2273 Ει
200 2215 389 2275 nihil‘iratae
399 2233 493 2295 posse
503 2233 619 2293 negare
631 2222 712 2276 tuae.

105 2295 213 2357 Nullus
224 2300 321 2357 Amor
333 2301 474 2376 cuiquam
483 2296 586 2358 facilis
597 2300 642 2358 ita
651 2300 797 2378 praebuit
808 2297 881 2375 alas,
989 2324 991 2328 ’

148 2382 193 2441 Ut
202 2400 266 2440 uon
276 2379 397 2439 alterno
406 2382 560 2460 proserit
569 2379 625 2439 ille
635 2400 734 2440 manu.

52 2473 86 2526 2⁵
108 2463 220 2525 Necte
232 2464 377 2544 decipiat,
390 2462 473 2542 quod
484 2465 526 2524 sit
536 2465 610 2523 satis
621 2462 679 2523 illa
687 2470 821 2544 paratae!

148 2550 260 2608 Acrius
271 2548 429 2626 iliasubit,
440 2549 581 2625 Pontice,
594 2547 621 2607 si
633 2567 692 2627 qua
702 2554 755 2608 tua
765 2553 825 2626 est,

110 2633 231 2712 Quippe
240 2635 294 2693 ubi
304 2652 367 2693 non
376 2630 473 2692 liceat
482 2651 593 2692 vacuos
605 2632 757 2693 seducere
768 2627 896 2710 ocellos,

147 2716 213 2775 Nec
223 2714 353 2794 vigilare
367 2715 429 2775 alio
440 2718 564 2775 nomine
576 2717 668 2775 cedat
677 2718 784 2792 Amor,

108 2800 168 2876 Qui
178 2819 242 2859 uon
253 2807 324 2860 ante
335 2806 432 2881 patet,
445 2799 546 2859 donec
555 2818 661 2876 manus
673 2800 776 2877 attigit
787 2818 864 2862 ossa

52 2894 88 2946 30
151 2884 297 2964 Quisquis
308 2903 353 2964 es,
366 2883 502 2945 assiduas
514 2884 552 2945 rh
565 2883 639 2962 fuge
649 2881 824 2946 blanditias.

106 2964 173 3027 illis
185 2975 218 3028 et
231 2968 336 3029 'silices
346 2975 477 3050 possunt
488 2974 521 3028 et
533 2967 647 3029 cedere
659 2987 803 3048 quercus,

148 3051 268 3113 Nedum
279 3059 313 3112 ιιι
323 3056 435 3133 possis,
447 3055 574 3134 spiritur
585 3055 647 3114 iste
657 3051 744 3113 levis.

107 3136 220 3214 Quare,
233 3138 259 3196 si
270 3137 371 3216 pudor
381 3144 439 3215 est,
452 3139 685 3217 quamprimum
696 3143 800 3196 errata
810 3135 929 3197 fatere:

148 3220 261 3280 Dicere
274 3241 333 3301 qno
345 3239 455 3301 pereas
467 3239 561 3302 saepe
571 3223 604 3281 in
616 3239 720 3281 amore
730 3218 824 3283 levet.

26 3347 79 3442 10
106 3349 281 3449 (iucunda
294 3391 393 3468 quies,
404 3390 505 3468 primo
516 3410 585 3449 cnm
595 3390 686 3449 ιειιιι
697 3387 795 3447 amori

147 3472 318 3535 Adfuoram
328 3475 441 3534 vestris
452 3475 593 3534 conscius
603 3475 636 3533 iu
645 3469 796 3533 lacrimis!
