2220 3846
249 191 436 252 LIBER
477 188 502 269 1,
526 201 634 270 aqna
676 187 715 268 ll,
739 201 764 252 1.
944 185 985 251 21

114 359 185 420 Sive
196 357 281 418 illam
293 359 365 419 Cois
375 356 550 437 fulgentem
560 355 709 416 incedere
721 357 832 435 coccis,
970 363 986 417 5

60 453 96 506 10
157 444 226 502 Hoc
236 443 441 503 totumeCoa
450 448 537 502 veste
547 439 692 501 volumen
704 441 781 499 erit:
969 446 986 500 6

115 526 178 586 Seu
189 523 258 586 cum
268 531 433 606 poscentes
446 545 585 585 somnum
597 521 875 602 declinatpocellos,

154 610 278 670 Invenio
294 629 399 670 causas
411 608 499 668 mille
508 613 603 688 poeta
612 628 722 667 novas:

116 693 179 754 Seu
188 694 270 753 nuda
281 699 391 773 erepto
403 710 524 752 mecum
533 690 669 751 luctatur
680 692 802 767 amictu,

156 778 237 837 Tum
247 796 322 836 vero
332 776 443 855 longas
454 775 612 836 condimus
623 774 751 836 lliadas:

63 870 96 921 15
118 861 182 920 Seu
196 859 343 939 quicquid
353 861 431 920 lecit
441 861 505 920 sive
517 866 566 920 est
578 859 792 939 quodcumque
803 855 918 937 locuta,

157 944 290 1004 Maxima
301 943 340 1004 de
351 942 450 1004 nihilo
461 945 598 1004 nascitur
608 945 746 1004 historia.

116 1027 207 1104 Quod
217 1029 292 1088 mihi
303 1030 330 1089 si
341 1034 470 1108 tantum,
482 1028 659 1106 Maecenas,
672 1029 736 1086 fata
747 1025 918 1103 dedissent,

77 1151 83 1162 ι
156 1112 200 1172 Ut
209 1131 333 1192 possem
343 1114 456 1172 heroas
468 1112 584 1172 ducere
594 1114 627 1171 in
638 1132 722 1171 arma
732 1129 848 1188 manus,

115 1196 185 1255 Non
196 1215 253 1274 ego
266 1197 395 1256 Titanas
407 1214 561 1272 canerem,
574 1214 638 1254 non
649 1196 748 1255 Ossan
760 1192 890 1272 Olympo

61 1291 98 1344 20
159 1280 336 1359 Inpositam,
352 1285 386 1339 ut
397 1279 476 1340 caeli
486 1278 599 1340 Pelion
611 1284 695 1339 esset
705 1281 778 1356 iter,

115 1362 185 1424 Non
194 1369 319 1424 veteres
331 1365 467 1444 Thebas,
479 1383 538 1424 nec
549 1364 699 1443 Pergama
708 1381 821 1423 nomen
832 1361 973 1437 Homeri,

157 1447 270 1508 Xerxis
283 1454 316 1508 et
326 1448 457 1529 imperio
469 1450 541 1509 bina
552 1451 651 1509 coisse
662 1447 749 1525 vada,

115 1530 259 1608 Regnare
269 1535 369 1611 prima
380 1534 470 1592 Remi
482 1539 535 1592 aut
545 1535 661 1592 animos
674 1531 869 1608 Carthaginis
881 1529 971 1605 altae,

159 1615 416 1693 Cimbrorumque
427 1617 524 1674 minas
535 1623 568 1673 et
578 1615 742 1674 benefacta
752 1613 850 1671 Mari:

59 1709 96 1762 25
116 1693 271 1774 Bellaque
282 1715 397 1775 resque
406 1699 453 1756 tui
464 1715 668 1756 memorarem
678 1696 831 1773 Caesaris,
843 1701 876 1755 et
886 1700 920 1754 tu

159 1780 293 1839 Caesare
305 1782 360 1839 sub
373 1799 481 1858 magno
495 1799 568 1840 cura
577 1780 713 1840 secunda
722 1781 817 1839 fores.

114 1865 193 1924 Nam
205 1864 348 1942 quotiens
360 1864 512 1924 Mutinam
525 1871 577 1924 aut
588 1865 690 1925 civilia
700 1866 791 1923 busta
800 1861 963 1944 Philippos

156 1948 221 2007 Aut
230 1966 375 2008 canerem
387 1948 510 2009 Siculae
522 1948 650 2010 classica
661 1947 746 2008 bella
756 1948 847 2026 fugae

116 2031 312 2110 Eversosque
325 2032 412 2092 focos
424 2036 569 2113 antiquae
581 2034 683 2112 gentis
693 2034 844 2094 Etruscae

58 2126 98 2179 30
158 2116 220 2174 Aut
230 2114 402 2176 Ptolemaei
415 2115 510 2178 litora
522 2125 611 2198 capta
623 2118 729 2195 Phari,

115 2199 179 2259 Aut
197 2217 340 2259 canerem
357 2201 533 2282 Aegyptum
551 2209 584 2261 et
596 2201 715 2279 Nilum,
739 2221 808 2261 cum
823 2173 940 2261 tractus
957 2199 991 2257 in
1047 2189 1057 2204 '

596 2288 706 2344 urbem

159 2365 287 2443 Septem
301 2366 429 2444 captivis
441 2364 554 2424 debilis
565 2367 630 2425 ibat
642 2367 739 2444 aquis,

115 2450 179 2508 Aut
190 2466 299 2526 regum
310 2449 425 2507 auratis
438 2447 627 2509 circumdata
638 2448 720 2508 colla
734 2449 862 2526 catenis,
962 2515 965 2521 ,

157 2533 308 2612 Actiaque
318 2534 351 2591 in
363 2532 458 2609 Sacra
468 2552 598 2592 currere
608 2539 711 2593 rostra
721 2533 791 2611 Via,

57 2626 95 2679 35
120 2616 168 2675 Te
180 2635 248 2675 mea
257 2617 349 2676 Musa
361 2615 424 2676 illis
437 2635 562 2696 semper
574 2624 757 2678 contexeret
768 2617 872 2694 armis,

155 2699 197 2758 m
208 2704 329 2779 sumpta
341 2705 374 2758 et
384 2700 485 2778 posita
496 2719 572 2778 pace
582 2699 679 2759 fidele
692 2707 792 2780 caput.

84 2807 86 2812 ·
117 2782 260 2842 Theseus
272 2784 415 2861 internis,
428 2784 551 2862 superis
562 2789 695 2843 testatur
706 2781 857 2862 Achilles,

157 2867 217 2925 Hic
227 2867 398 2946 Ixioniden,
409 2865 467 2926 ille
479 2866 712 2929 Menoetiaden.

116 2949 180 3009 Sed
191 2969 294 3030 neque
304 2950 497 3030 Phlegraeos
508 2952 587 3012 lovis
596 2950 809 3031 Enceladique
820 2947 969 3010 tumultus

55 3044 95 3096 40
157 3034 281 3094 Intonat
292 3042 420 3114 angusto
431 3041 561 3115 pectore
573 3036 787 3111 Callimachus,

115 3117 181 3177 Nec
192 3137 261 3177 mea
272 3120 459 3201 conveniunt
471 3118 548 3178 duro
559 3119 745 3199 praecordia
754 3137 847 3178 versu

158 3202 299 3262 Caesaris
311 3203 343 3261 in
355 3203 508 3282 Phrygios
521 3201 658 3262 condere
669 3221 781 3262 nomen
793 3221 872 3261 avos.

113 3283 224 3346 Navita
234 3285 274 3345 de
285 3287 397 3364 ventis,
410 3285 449 3345 de
461 3288 559 3346 tauris
569 3293 677 3346 narrat
688 3293 801 3363 arator,

156 3370 326 3439 Enumerat
335 3369 426 3429 miles
436 3369 575 3449 vulnera,
586 3378 692 3450 pastor
704 3388 787 3445 oves,

56 3461 94 3516 15
117 3451 182 3512 Nos
195 3459 303 3512 contra
312 3461 440 3538 angusto
451 3461 613 3514 versantes
622 3454 743 3535 proelia
752 3451 856 3510 lecto:

1083 3544 1108 3657 t
