2220 3846
132 212 173 277 14
427 207 791 270 Pnornnclr

214 382 258 453 At
266 398 329 439 non
340 381 384 439 sic
395 378 492 439 lthaci
504 375 646 455 digressu
656 383 738 435 mota
750 375 883 458 Calypso

161 475 196 527 10
256 463 398 523 Desertis
410 460 484 521 olim
495 463 626 520 fleverat
637 462 840 538 aequoribus:

214 547 333 609 Multos
343 546 399 607 illa
409 545 477 606 dies
486 545 652 624 incomptis
662 546 781 604 maesta
792 545 912 625 capillis

255 631 398 708 Sederat,
408 631 523 688 iniuto
533 627 627 688 multa
635 626 739 688 locuta
748 629 825 706 salo,

213 716 256 777 Et
266 716 402 795 quamvis
413 733 576 792 numquam
586 719 659 791 post
669 713 747 772 haec
758 712 861 772 viura
871 713 1002 779 dolebat

254 799 310 859 Illa
319 805 423 857 tamen
432 799 544 874 longae
556 796 679 856 conscia
687 795 837 858 laetitiae.

159 891 192 944 15
212 882 278 942 Nec
289 884 334 941 sic
345 880 525 941 Aesoniden
535 881 728 960 rapientibus
740 881 828 940 anxia
838 885 939 944 ventis

253 964 428 1046 Hypsipyle
438 983 532 1024 vacuo
544 964 685 1024 constitit
694 965 728 1022 in
738 963 890 1025 thalamo:
984 1012 989 1017 .

215 1049 388 1129 Hypsipyle
399 1047 500 1109 nullos
510 1054 583 1128 post
593 1047 663 1109 illos
675 1048 773 1107 sensit
784 1067 916 1128 amores,

148 1140 163 1155 ⁸
252 1135 296 1194 Ut
307 1133 405 1193 semel
415 1133 586 1192 Haemonio
597 1133 698 1192 tabuit
708 1132 852 1211 hospitio.

213 1217 425 1297 Alphesiboea
436 1235 506 1276 snos
518 1215 583 1275 ulta
594 1222 643 1275 est
652 1235 711 1296 pro
723 1217 853 1294 coniuge
863 1217 992 1298 fratres,
1054 1227 1084 1279 15

158 1310 193 1363 20
229 1302 417 1381 ‘Sanguinis
429 1307 462 1360 et
473 1301 537 1359 cari
547 1299 668 1360 vincula
679 1301 764 1380 rupit
775 1319 869 1362 amor.
1053 1311 1085 1364 16

213 1385 361 1462 Coniugis
371 1384 500 1445 Euadne
509 1385 640 1444 miseros
651 1381 733 1443 elata
741 1402 799 1465 per
810 1386 900 1463 ignes
1052 1395 1084 1448 il

256 1468 388 1546 Occidit,
401 1468 534 1545 Argivae
544 1467 625 1527 lama
634 1466 813 1548 pudicitiae.

213 1552 348 1628 Quarum
358 1551 442 1612 nulla
452 1557 521 1610 tuos
532 1553 635 1630 potuit
646 1558 830 1612 convertere
841 1572 954 1632 mores,
1036 1562 1048 1635 ‡

254 1636 304 1695 Τιι
316 1654 439 1715 qnoque
450 1636 497 1696 uti
506 1635 601 1695 fieres
612 1634 725 1697 nobilis
736 1637 876 1698 historia.

156 1728 191 1781 25
212 1720 328 1780 Desine
339 1722 399 1780 iam
409 1737 558 1780 revocare
568 1720 630 1780 tuis
640 1721 779 1799 periuria
789 1723 903 1798 verbis,

253 1804 397 1883 Cynthia,
409 1811 443 1864 et
453 1802 567 1865 oblitos
578 1822 673 1884 parce
685 1824 809 1865 movere
821 1804 908 1884 deos,

211 1886 320 1949 Audax
331 1890 370 1948 ah
381 1889 509 1948 nimium
518 1894 626 1947 nostro
639 1886 774 1949 dolitura
782 1887 915 1968 periclo,

254 1972 288 2031 Si
300 1972 375 2051 quid
383 1973 467 2032 forte
477 1973 536 2032 tibi
548 1970 653 2031 durius
664 1972 820 2033 inciderit.

210 2054 299 2123 Muta
308 2058 395 2135 priua
406 2061 491 2115 vasto
500 2055 644 2114 labentur
655 2057 780 2117 flumina
789 2062 897 2135 ponto,

155 2148 191 2203 30
246 2139 358 2199 Άιιιιιιι
370 2145 404 2198 et
413 2141 551 2198 inversas
563 2138 687 2200 duxerit
699 2146 770 2199 ante
780 2141 874 2216 vices,

210 2222 307 2298 Quom
317 2228 371 2282 tna
381 2223 437 2282 sub
449 2229 555 2282 nostro
566 2229 703 2284 mutetur
711 2228 841 2303 pectore
855 2241 948 2283 cura:
1001 2258 1005 2267 ·

249 2306 299 2366 Sis
312 2306 525 2386 quodcumque
536 2306 633 2386 voles,
643 2326 707 2368 non
717 2305 818 2366 aliena
828 2313 944 2369 tamen.

207 2389 284 2452 Nam
295 2393 371 2452 mihi
381 2410 421 2452 ne
431 2390 508 2452 viles
518 2393 571 2451 isti
581 2391 744 2452 videantur
756 2389 860 2467 ocelli,
1023 2459 1029 2471 ι

248 2476 311 2535 Per
323 2496 399 2557 quos
412 2495 505 2556 saepe
516 2476 593 2535 mihi
603 2475 723 2536 credita
733 2475 865 2556 pertidia
876 2476 941 2535 est!
967 2509 971 2513 ·

152 2565 186 2620 35
207 2559 275 2619 Hos
288 2568 322 2618 tu
332 2562 465 2638 iurabas,
478 2563 504 2619 si
515 2558 591 2638 quid
601 2562 731 2620 mentita
740 2561 864 2635 fuisses,

247 2643 291 2704 Ut
300 2645 359 2704 tibi
371 2644 539 2724 suppositis
550 2642 732 2703 exciderent
742 2645 897 2704 manibus:

205 2727 248 2787 nt
258 2734 365 2789 contra
375 2748 516 2810 magnum
525 2733 617 2808 potes
628 2728 685 2788 hos
699 2727 844 2788 attollere
855 2725 966 2806 solem,

245 2813 311 2871 Nec
322 2815 430 2873 tremis
442 2811 592 2871 admissae
604 2813 726 2870 conscia
736 2812 919 2887 nequitiae?

50 2910 53 2917 ·
205 2894 280 2970 Quis
291 2900 324 2953 te
336 2896 466 2971 cogebat
477 2893 588 2951 multos
599 2892 719 2971 pallere
732 2889 855 2951 colores

32 2995 39 3015 ¹
149 2985 185 3038 40
245 2976 287 3036 Et
297 2977 405 3036 fletum
416 2977 520 3035 invitis
532 2973 647 3034 ducere
658 2971 850 3034 luminibus?

206 3061 281 3138 Quis
292 3078 349 3138 ego
362 3079 443 3120 nunc
453 3077 549 3138 pereo
562 3056 679 3118 similes
690 3061 862 3120 moniturus
874 3070 1010 3123 amantes

245 3145 285 3204 ε0
297 3143 389 3204 nullis
400 3151 500 3204 tutum
511 3141 643 3202 credere
654 3141 837 3206 blanditiis'

132 3276 186 3369 lb
205 3276 294 3379 (luae
304 3313 424 3371 ineram
435 3314 551 3390 magnis
565 3311 639 3372 olim
650 3313 807 3393 patefacta
818 3313 994 3392 triumphis,

245 3397 335 3457 lanua
349 3396 502 3476 Tarpeiae
512 3403 586 3457 nota
595 3397 775 3477 pudicitiae,

205 3482 299 3542 Cuius
312 3483 445 3542 inaurati
456 3481 655 3543 celebrarunt
664 3482 771 3543 limina
782 3497 902 3558 currus,
