2220 3846
174 235 214 301 18
383 230 386 235 ’
471 228 840 300 PROPERTII

220 414 235 465 5
257 402 327 464 Non
339 401 417 461 adeo
427 399 541 460 leviter
552 400 667 459 uostris
678 400 870 479 puerhaeait
881 399 1002 484 ocellis,

296 487 341 548 Ut
351 503 438 544 meus
450 482 548 544 oblito
558 480 659 563 pulvis
671 502 775 543 amore
787 489 885 545 vacet.

255 569 323 631 lllie
333 566 522 648 Phylacides
535 565 688 626 incundae
700 568 838 646 coniugis
849 569 945 629 heros

295 655 364 714 Non
373 653 477 733 potuit
488 651 589 711 caeeis
599 652 750 711 inmemor
763 669 832 710 esse
843 650 932 731 locis,

256 738 319 799 Sed
330 736 461 817 cupidus
471 735 559 795 falsis
571 736 726 813 attingere
737 733 847 813 gaudia
856 735 967 816 palmis

203 832 236 883 10
300 818 461 882 Thessalis
473 821 634 898 antiquam
640 825 769 878 venerat
779 821 887 879 umbra
900 820 1036 887 domum.

253 905 321 965 lllic
334 901 482 982 quiequid
492 920 558 979 ero,
571 920 695 982 semper
705 908 759 962 tna
770 902 856 963 dicar
866 905 984 983 imago:
1079 967 1081 971 ,

294 988 416 1049 Traieit
426 993 459 1046 et
471 986 529 1046 fati
539 984 633 1046 litora
643 1005 770 1064 maguus
783 1007 877 1050 amor.

253 1071 323 1134 lllic
334 1072 488 1131 formosae
501 1072 626 1130 veniant
637 1072 750 1130 chorus
761 1072 923 1150 heroinae,

295 1157 376 1233 Quas
388 1152 477 1215 dedit
489 1155 611 1234 Argivis
621 1153 765 1215 Dardana
774 1155 892 1235 praeda
903 1157 996 1232 viris3

200 1251 233 1303 15
255 1242 389 1318 Quarum
400 1237 484 1300 nulla
494 1245 548 1298 tua
557 1239 655 1298 luerit
665 1240 751 1317 mihi,
763 1240 908 1318 Cynthia,
918 1239 1019 1301 forma

295 1325 422 1384 Gratior
433 1331 466 1382 et
476 1321 587 1382 Tellus
598 1323 657 1381 hoc
668 1324 713 1382 ita
723 1324 804 1384 iusta
815 1325 904 1385 sinat.

253 1408 395 1486 Quamvis
407 1405 558 1484 telungae
569 1412 768 1466 remorentur
777 1408 841 1468 fata
852 1413 1008 1488 senectae,

293 1492 372 1551 Gara
382 1496 486 1550 tamen
495 1487 632 1550 lacrimi
643 1510 713 1550 osa
723 1491 827 1551 futura
838 1493 924 1553 meis.

253 1577 337 1653 Quae
349 1581 384 1634 tu
393 1576 460 1635 viva
473 1593 542 1635 mea
551 1576 652 1654 possis
663 1577 782 1635 sentire
793 1575 912 1636 favilla!

197 1669 232 1721 20
293 1659 374 1719 Tum
384 1660 460 1718 mihi
470 1678 533 1718 uon
543 1657 609 1718 ullo
621 1678 705 1720 mors
716 1661 758 1718 sit
769 1680 871 1719 amara
879 1659 959 1724 loco.

253 1745 349 1821 Quam
362 1761 484 1820 vereor,
497 1750 581 1803 nete
594 1749 783 1824 contempto,
795 1745 939 1824 Cynthia,
951 1746 1042 1805 busto

292 1828 462 1888 Abstrahat
472 1834 606 1887 anostro
617 1825 748 1907 pulvere
759 1830 883 1908 iniquus
896 1828 1000 1909 Amor,

252 1913 351 1991 Coget
360 1917 394 1971 et
402 1913 529 1971 invitam
539 1910 681 1971 lacrimas
695 1913 814 1973 siccare
826 1912 988 1974 cadentes!

289 1995 445 2056 Flectitur
456 1993 685 2056 assiduisaerta
694 1994 801 2075 puella
809 1999 910 2059 mini.

196 2091 230 2140 25
252 2080 369 2156 Quare,
379 2078 451 2138 dum
460 2076 549 2155 lieet,
559 2079 644 2138 inter
655 2098 711 2140 nos
724 2079 877 2143 laetemur
889 2087 1042 2142 amantes:

290 2163 360 2224 Non
371 2164 445 2223 satia
457 2169 506 2223 eat
515 2159 580 2222 ullo
592 2169 733 2245 tempore
743 2165 853 2244 longus
864 2184 958 2225 amor.

144 2328 147 2361 ³
180 2293 235 2388 20
251 2294 321 2390 lloo
331 2349 389 2410 pro
402 2332 547 2392 contiuuo
559 2337 602 2412 te,
616 2332 718 2411 Galle,
730 2348 887 2392 monemus
899 2350 1015 2412 amore,

164 2437 168 2445 ⁴
289 2412 325 2473 ld
334 2415 393 2476 tibi
403 2434 444 2476 ne
454 2435 548 2477 vocuo
561 2416 678 2478 defluat
689 2437 727 2477 ex
738 2418 854 2477 auimo:

250 2499 350 2579 Saepe
360 2497 551 2580 imprudenti
561 2503 687 2562 fortuna
699 2502 836 2560 occurrit
847 2501 968 2561 amanti.

289 2582 434 2644 Crudelis
445 2585 561 2665 Minyis
573 2585 688 2647 dixerit
697 2586 858 2646 Ascanius.

211 2677 227 2726 5
248 2667 307 2727 Est
316 2668 375 2727 tibi
385 2686 448 2728 non
458 2669 540 2729 infra
551 2672 699 2754 speeiem,
709 2688 774 2729 non
786 2670 911 2729 nomine
924 2667 1027 2749 dispar

291 2751 536 2814 Thiodamauteo
547 2757 704 2835 proximus
716 2753 810 2813 ardor
822 2753 938 2832 Hylae:

248 2835 339 2894 Hunc
349 2841 394 2914 tu,
406 2839 470 2897 slve
480 2837 568 2916 leges
580 2841 744 2897 umbrosae
754 2837 880 2894 flumina
892 2835 987 2915 Silae,

290 2919 361 2979 Sive
372 2922 493 2981 Aniena
502 2927 573 2979 tuos
583 2919 713 2977 tinxerit
723 2915 806 2975 unda
815 2916 924 2995 pedes,

247 3001 318 3064 Sive
332 3004 484 3083 Gigantea
495 3002 670 3081 spatiabere
680 2999 782 3059 litoris
794 3020 858 3077 ora,

195 3094 229 3147 10
292 3088 364 3147 Sive
374 3088 559 3162 ubicumque
570 3100 645 3162 vago
656 3085 792 3144 fluminis
802 3085 950 3165 hospitio,

245 3170 456 3250 Nympharum
468 3184 592 3246 semper
603 3167 722 3248 cupidis
735 3165 872 3229 defende
884 3171 1001 3250 rapinis

288 3247 379 3336 [Non
390 3251 491 3310 minor
502 3250 646 3312 Ausoniis
659 3259 707 3313 est
718 3275 803 3314 amor
814 3247 1004 3340 Adryasin),

246 3336 293 3395 Ne
304 3334 363 3392 tibi
375 3335 425 3413 sit,
438 3332 558 3415 durum,
570 3344 690 3398 montes
702 3345 735 3399 et
745 3338 860 3418 frigida
871 3358 952 3416 saxa,

288 3415 389 3497 Galle,
400 3438 503 3500 neque
515 3429 660 3503 expertos
672 3443 796 3504 semper
807 3422 894 3482 adire
904 3419 1002 3501 laeua,

192 3512 225 3564 15
248 3502 332 3581 Quae
343 3505 439 3566 miser
452 3507 567 3587 ignotis
579 3527 669 3570 error
679 3526 848 3589 perpessus
859 3508 892 3565 iu
903 3508 968 3567 oris
