2220 3846
282 282 287 295 s
359 201 721 265 rauranum

177 376 228 435 Sic
241 375 284 433 ait
292 375 325 432 in
336 370 421 432 molli
431 372 490 431 fixa
500 377 570 430 toro
583 371 733 431 cubitum:

79 467 113 522 35
135 458 289 519 ‘Tandem
300 463 332 516 te
344 463 451 516 nostro
464 455 606 514 referens
618 455 731 514 iniuria
739 452 824 514 lecto

175 541 314 603 Alterius
325 539 437 600 clausis
450 537 569 618 expulit
580 557 598 598 e
609 538 751 597 foribus?

71 670 73 675 .
134 625 271 705 Namque
282 626 335 685 ubi
344 622 437 701 longa
448 641 535 681 meae
545 622 735 701 consumpsti
745 628 887 702 tempora
897 627 1008 705 noctis,

174 707 351 786 Languidus
364 707 489 784 exactis,
501 708 554 765 hei
565 706 652 781 mihi,
664 703 842 765 sideribus?

134 794 161 853 0
173 794 291 853 utinam
300 790 379 851 tales
390 789 553 870 perducas,
565 790 718 870 improbe,
730 795 849 866 noctes,

79 884 115 937 40
174 876 230 936 Me
241 876 384 934 miseram
395 871 502 952 quoles
512 890 635 953 semper
646 873 763 932 habere
773 874 878 933 iubes!

125 959 211 1033 ¹Nam
222 957 313 1018 modo
324 975 481 1037 purpureo
493 954 641 1016 fallebam
652 957 783 1016 stamine
793 976 941 1035 somnum,

174 1043 291 1102 Rursus
304 1048 336 1101 et
348 1041 492 1119 Orpheae
504 1042 639 1100 carmine
651 1040 733 1100 fessa
743 1038 847 1119 lyrae:

133 1124 292 1185 Interdum
304 1124 419 1184 leviter
431 1143 551 1184 mecum
563 1123 688 1184 deserta
699 1125 853 1202 querebar

174 1208 312 1270 Euterpe
323 1209 431 1287 longas
444 1227 537 1288 saepe
548 1209 581 1267 in
593 1226 696 1268 amore
707 1227 818 1283 moras,

79 1300 113 1353 45
135 1293 214 1352 Dum
226 1312 275 1353 me
286 1293 427 1353 iucundis
438 1293 555 1371 lapsam
567 1311 660 1372 sopor
672 1291 784 1370 inpulit
794 1288 860 1352 alis.

173 1373 232 1436 llla
243 1377 303 1436 fuit
312 1375 447 1437 lacrimis
460 1376 566 1437 ultima
578 1396 651 1436 cura
661 1378 758 1436 meir!

91 1508 119 1599 ‘l
135 1507 222 1611 lluid
233 1543 309 1603 mihi
319 1549 381 1602 tam
391 1541 501 1604 multas
512 1542 679 1621 laudando,
689 1543 794 1619 Basse,
806 1541 925 1622 puellas

174 1628 329 1688 Mutatum
340 1626 462 1686 domina
474 1629 557 1705 cogis
571 1629 656 1687 abire
667 1627 758 1686 mea?

134 1709 216 1786 Quid
227 1729 276 1770 me
287 1730 350 1770 non
360 1712 478 1791 pateris
489 1713 570 1772 vitae
583 1710 796 1791 quodcumque
809 1717 957 1789 sequetur

174 1793 243 1854 Hoc
254 1796 350 1872 magis
362 1800 484 1855 assueto
496 1794 612 1856 ducere
624 1795 773 1855 servitio?

85 1885 109 1937 .5
133 1875 184 1936 Tu
193 1875 270 1938 licet
280 1879 434 1958 Antiopae
445 1879 576 1939 formam
586 1876 756 1957 Nycteidos
770 1885 803 1938 ct
813 1885 848 1938 tu

121 1996 124 2004 ·
176 1961 345 2041 Spartanae
356 1962 477 2022 referas
487 1962 629 2023 laudibus
640 1963 840 2037 Hermionae,

131 2045 173 2104 Et
184 2065 390 2125 quascumque
401 2044 475 2106 tulit
485 2046 615 2106 formosi
625 2046 775 2122 temporis
787 2051 886 2104 aetas:

173 2128 306 2206 Cynthia
317 2149 378 2189 non
389 2128 461 2189 illas
472 2146 584 2188 nomen
595 2128 712 2187 habere
724 2128 816 2204 sinet,

39 2260 42 2265 ⁴
130 2209 259 2290 Nedum,
272 2213 298 2272 si
308 2211 427 2274 levibus
438 2213 535 2274 fuerit
546 2209 658 2271 collata
667 2211 785 2288 figuri,

78 2303 112 2354 lo
171 2294 306 2356 Inferior
318 2296 395 2357 duro
406 2295 510 2356 iudice
523 2296 624 2376 turpis
637 2301 695 2356 eat.

130 2377 216 2438 llaec
228 2378 284 2440 sed
294 2381 394 2449 forma
405 2381 466 2441 mei
478 2400 550 2461 pars
563 2386 611 2440 est
622 2386 760 2440 extrema
770 2378 901 2437 furoris:

170 2461 248 2523 Sunt
258 2461 382 2543 maiora,
395 2467 516 2543 quibus,
527 2465 633 2542 Basse,
644 2465 750 2542 perire
761 2465 853 2539 iuvat,

130 2546 281 2623 Ingenuus
292 2546 379 2607 calor
390 2554 423 2606 et
434 2547 538 2608 multis
552 2546 646 2605 decus
658 2547 775 2604 artibus
790 2551 822 2604 et
834 2563 910 2623 quae

171 2629 290 2691 Gaudia
301 2631 356 2691 sub
368 2629 463 2688 tacita
474 2627 590 2687 ducere
601 2634 689 2688 veste
700 2626 793 2686 libet:

77 2719 109 2771 15
132 2712 198 2787 Quo
210 2713 305 2792 magis
317 2718 350 2772 et
360 2716 484 2770 nostros
497 2710 660 2771 contendis
672 2710 795 2772 solvere
807 2731 937 2789 amores,

168 2796 237 2856 Hoc
248 2797 344 2872 magis
356 2801 482 2875 accepta
492 2793 577 2855 fallit
587 2802 720 2873 uterque
731 2795 803 2853 fide.

127 2876 433 2957 Noninpunelerer:
457 2879 535 2937 sciet
546 2880 623 2938 haec
633 2881 740 2937 insana
750 2876 853 2956 puella

167 2963 209 3024 Et
219 2962 277 3020 tibi
288 2979 351 3033 uon
361 2961 465 3020 tacitis
476 2961 601 3021 vocibus
614 2962 713 3020 hostis
726 2962 801 3020 erit:
837 2975 842 2992 ¹

127 3043 193 3104 Nec
204 3044 260 3103 tihi
271 3062 322 3103 me
334 3045 494 3124 posthaec
506 3046 677 3105 committet
689 3045 823 3124 Cynthia
835 3065 891 3105 nec
903 3052 935 3105 te

74 3136 110 3188 20
171 3128 322 3203 Quaeret:
346 3128 407 3186 erit
417 3129 495 3187 tanti
507 3129 643 3188 criminis
653 3127 709 3190 illa
719 3148 837 3189 memor

85 3234 90 3246 ·
127 3211 170 3271 Et
180 3214 212 3268 te
224 3211 340 3270 circum
352 3230 457 3271 ornnes
470 3210 545 3272 alias
556 3214 635 3273 irata
645 3213 764 3293 puellas

168 3290 318 3354 Differat:
340 3295 402 3356 heu
413 3295 499 3357 nullo
512 3295 619 3358 limine
632 3318 720 3358 carus
732 3298 804 3357 eris.

127 3371 233 3436 Nullas
244 3375 299 3437 illa
310 3380 372 3439 suis
385 3388 562 3441 contemnet
572 3383 697 3442 fletibus
709 3400 787 3455 aras,

166 3458 208 3520 Et
219 3462 402 3542 quicumque
413 3484 511 3543 sacer,
523 3465 631 3545 qualis,
643 3468 768 3543 ubique,
779 3464 868 3545 lapis.

16 3542 73 3624 h
