2220 3846
108 208 149 276 86
404 206 768 301 Pnounnull

192 378 295 454 Curia,
306 383 469 456 praetexto
482 395 560 456 quae
571 395 652 437 nunc
665 377 746 436 nitet
757 373 820 436 alta
832 376 963 461 Senatu,

231 459 364 522 Pellitos
375 461 492 536 habuit,
504 461 620 520 rustica
631 459 735 537 eorda,
746 465 864 538 patres.

190 545 325 606 Buccina
336 547 466 623 cogebat
475 545 595 623 priscos
607 542 647 602 ad
656 544 751 602 verba
764 544 921 620 Quirites:

233 630 366 690 Centum
380 628 428 689 illi
438 630 472 688 in
481 632 572 707 prato
584 645 676 706 saepe
688 626 821 687 Senatus
833 635 912 691 erat

138 721 171 776 11
192 712 258 775 Nec
270 715 393 773 sinuosa
404 730 476 773 cavo
487 710 666 791 pendebant
676 708 746 769 vela
756 712 894 789 theatro,

187 796 195 807 ‘
230 795 356 878 Pulpita
367 794 528 856 sollemnis
539 814 602 854 non
613 792 722 854 oluere
733 790 853 883 crocoq'

190 878 276 942 Nulli
289 898 362 939 eura
371 879 433 939 fuit
444 884 589 938 externos
602 895 754 957 quaerere
767 877 865 956 divos,

234 964 312 1024 cum
322 968 476 1022 tremeret
484 963 586 1041 patrio
597 960 734 1040 pendula
744 962 836 1021 turba
847 980 947 1039 sacro,

192 1048 364 1125 Annuaque
376 1064 505 1107 accenso
517 1043 679 1105 celebrare
690 1043 808 1104 Parilia
817 1040 924 1123 faeno,

138 1139 173 1193 10
235 1127 912 1207 (11111111111111111111111111111111111.

191 1214 289 1276 Vesta
301 1215 455 1274 coronatis
465 1232 584 1293 pauper
596 1212 748 1291 gaudebat
759 1209 876 1290 asellis,

232 1297 393 1357 Ducebant
403 1316 524 1357 macrae
535 1295 608 1356 vilia
620 1316 706 1356 sacra
716 1297 821 1356 boves.

189 1379 287 1438 Parva
298 1381 428 1457 saginati
437 1379 610 1439 lustrabant
622 1381 755 1459 compita
765 1381 864 1460 porci,

231 1461 342 1521 Pastor
354 1468 387 1521 et
398 1460 437 1520 ad
449 1459 581 1522 calamos
593 1469 663 1523 exta
673 1463 784 1523 litabat
795 1464 870 1524 ovis.

136 1554 170 1608 25
193 1545 335 1608 Verbera
346 1543 474 1626 pellitus
486 1553 607 1607 saetosa
619 1549 761 1607 movebat
772 1552 887 1623 arator,

232 1626 323 1690 Unde
334 1628 434 1691 licens
444 1629 558 1692 Fabius
570 1650 656 1691 sacra
666 1631 826 1709 Lupercus
836 1630 941 1690 habet.

191 1712 256 1773 Nec
268 1713 354 1774 rudis
366 1714 488 1775 Infestis
502 1715 591 1775 miles
602 1713 742 1774 radiabat
751 1715 784 1772 in
796 1714 906 1772 armis:

230 1797 409 1861 Miscebant
419 1804 487 1857 usta
497 1797 618 1877 proelia
630 1797 712 1857 nuda
723 1796 809 1857 sude.

188 1883 292 1944 Prima
303 1881 452 1962 galeritus
462 1883 567 1961 posuit
577 1882 734 1962 praetoria
744 1881 893 1959 Lycmon,

136 1974 171 2028 30
232 1968 408 2046 Magnaque
419 1985 491 2044 pars
504 1966 595 2025 Tatio
609 1985 715 2025 rerum
726 1972 795 2024 erat
804 1966 889 2024 inter
901 1981 977 2024 oves.

189 2050 271 2110 Hinc
283 2050 407 2110 Titiens
416 2039 611 2127 Ramndrque
624 2051 682 2109 viri
694 2049 895 2127 Luceresque
911 2045 1013 2122 coloni

228 2131 381 2207 Quattuor
391 2132 464 2191 hine
476 2127 562 2192 albos
572 2132 720 2194 Romulus
730 2134 794 2212 egit
805 2150 912 2211 equos.

188 2215 311 2295 Qqupe
323 2216 518 2275 suburbanae
530 2234 623 2296 parva
634 2220 752 2278 eminus
762 2218 840 2276 urbe
852 2212 988 2277 Bovillae

229 2299 281 2378 111,
295 2301 346 2380 qui
358 2319 440 2361 nunc
452 2298 541 2378 nulli,
555 2303 683 2361 maxima
693 2302 784 2361 turba
795 2300 885 2377 Gabi,

135 2391 169 2446 11
189 2383 233 2445 nt
246 2386 335 2445 stetit
344 2383 425 2447 Alba
437 2391 561 2467 potens,
575 2383 662 2445 albae
674 2387 738 2446 suis
750 2385 851 2445 omine
863 2388 945 2462 nata,

229 2468 306 2545 Hac,
318 2471 372 2530 ubi
382 2469 519 2530 Fidenas
529 2469 622 2548 longe'
634 2475 702 2529 erat
712 2471 760 2529 ire
771 2471 843 2529 trias.

187 2548 239 2609 Nil
249 2554 383 2629 patrium
394 2554 455 2612 nisi
464 2572 577 2613 nomen
588 2554 683 2615 habet
693 2548 1010 2631 Romanusalumnus:

229 2632 392 2711 Sanguinis
406 2632 547 2696 altricem
557 2655 620 2696 non
630 2636 730 2717 pudet
741 2654 811 2696 ese
821 2633 936 2715 lupam.
963 2648 967 2657 ·

187 2716 256 2776 Huc
268 2715 379 2778 melius
391 2718 540 2799 profugos
550 2721 672 2798 misisti,
684 2720 790 2796 Troia,
801 2723 941 2798 penates.

133 2807 169 2861 40
231 2799 257 2859 0
270 2800 354 2879 quali
364 2809 454 2862 vecta
465 2809 514 2862 111
524 2801 665 2863 Dardana
675 2804 787 2881 puppis
798 2802 869 2861 ave!
933 2827 937 2831 ·

185 2880 248 2940 lam
258 2884 340 2943 bene
351 2885 546 2963 spondebant
556 2890 630 2942 tnnc
641 2887 752 2957 omina,
764 2882 848 2959 quod
857 2881 939 2943 nihil
948 2878 1028 2942 illam

229 2961 380 3023 Laeserat
390 2966 512 3042 abiegni
522 2972 633 3024 venter
644 2969 769 3042 apertus
781 2965 865 3042 equi,

189 3045 266 3105 Cum
279 3052 369 3126 pater
379 3047 412 3106 in
425 3048 509 3125 gnati
520 3046 662 3127 trepidus
673 3048 795 3107 cervice
805 3046 970 3127 pependit,

227 3130 270 3190 Et
280 3132 379 3191 verita
391 3138 440 3192 est
449 3132 595 3191 humeros
606 3151 700 3192 urere
710 3133 831 3191 flamma
841 3132 923 3212 pios.

132 3221 165 3274 45
188 3213 278 3273 Tunc
290 3216 381 3275 animi
392 3235 507 3277 venere
518 3216 595 3276 Deci
605 3217 756 3296 Brutique
768 3233 906 3293 secures,

227 3297 321 3359 Venit
333 3301 443 3379 etipsa
456 3303 504 3360 sui
515 3301 657 3360 Caesaris
670 3321 752 3361 arma
762 3301 881 3375 Venus,

91 3402 108 3427 ⁰
185 3382 280 3441 Arma
290 3385 483 3461 resurgentis
493 3389 620 3464 portan
631 3385 771 3445 victricia
782 3383 914 3444 Troiae:

225 3465 316 3526 Felix
327 3472 413 3529 terra
423 3474 493 3528 tuos
505 3470 599 3549 cepit,
609 3466 686 3547 lule,
698 3466 792 3543 deos;
