2220 3846
206 194 823 278 nasammonas
952 199 993 264 81

117 363 176 426 Est
185 363 244 423 tibi
254 363 355 423 forma
364 367 487 442 potens,
499 367 571 421 sunt
582 368 684 421 castae
694 362 830 425 Palladis
841 371 943 446 artes,·

159 444 390 526 Splendidaque
402 467 420 505 a
431 444 523 505 docto
533 445 614 504 sama
624 443 762 524 refulget
773 467 838 526 avo,

117 529 289 591 Fortunata
300 529 418 606 domus,
429 528 520 589 modo
533 530 575 589 sit
584 529 643 588 tibi
655 529 733 589 lidus
745 531 869 594 amiclis.

61 622 98 674 10
159 613 255 675 Fidus
267 633 338 674 ero:
359 615 393 673 in
402 617 526 672 nostros
539 631 641 692 curre,
653 611 769 693 puella,
780 621 876 678 toros.
909 642 911 648 ·

39 740 101 841 20
117 741 189 840 Nox
205 780 282 840 mihi
297 781 397 859 prima
413 780 514 840 venite
533 780 651 861 primae
672 778 744 839 date
761 787 903 863 tempora
919 801 995 844 noo-

335 888 337 893 ·
461 874 463 877 '
601 864 658 922 tis:
959 875 993 929 13

158 947 294 1025 Longius
304 946 338 1005 in
347 948 458 1027 primo,
472 945 568 1025 Luna,
582 965 705 1007 morare
716 953 804 1007 toro:
959 957 994 1011 14

118 1030 169 1090 Tu
181 1048 314 1108 quoque,
326 1031 379 1109 qui
390 1031 522 1091 aestivos
533 1031 699 1111 spatiosius
711 1033 808 1108 exigis
820 1031 920 1111 ignes,
958 1042 991 1093 11

158 1113 296 1191 Phoebe,
307 1120 483 1174 moraturae
494 1116 644 1174 contrahe
654 1112 735 1172 lueis·
746 1115 817 1176 iter.
958 1124 992 1175 12

79 1206 96 1258 5
116 1194 260 1258 Foedera
272 1202 344 1256 sunt
354 1197 500 1276 ponenda
509 1199 596 1276 prius
608 1195 818 1276 signandaque
828 1198 897 1257 iura
959 1207 993 1258 15

157 1281 200 1342 Et
211 1279 375 1341 scribenda
387 1283 463 1340 mihi
473 1280 566 1343 lexin
578 1299 682 1341 amore
694 1299 783 1341 novo.

69 1438 71 1443 .
117 1364 203 1424 llaec
213 1366 309 1442 Amor
320 1365 388 1444 ipse
400 1384 456 1425 suo
468 1365 663 1444 constringet
672 1365 803 1444 pignera
813 1364 917 1443 signo:

159 1447 263 1509 Testis
274 1447 417 1509 sidereae
426 1455 494 1509 tota
504 1468 618 1509 corona
628 1449 715 1511 deae.

117 1531 215 1608 Quam
224 1531 340 1593 multae
351 1539 423 1592 ante
433 1533 511 1592 meis
523 1531 638 1593 cedent
648 1533 842 1592 sermonibus
854 1531 961 1610 horae,

59 1624 96 1677 10
156 1611 267 1673 Dulcia
277 1632 367 1690 quam
377 1616 466 1675 nobis
479 1617 615 1674 concitet
626 1634 709 1673 arma
719 1613 842 1675 Venus!
958 1622 993 1675 20

116 1694 256 1774 Namque
267 1696 321 1754 ubi
331 1692 393 1755 non
405 1702 492 1755 certo
503 1698 637 1755 vincitur
648 1694 781 1756 loedere
791 1694 903 1776 lectus,

158 1778 228 1839 Non
238 1780 334 1838 habet
343 1777 463 1839 ultores
473 1798 535 1838 nox
543 1777 697 1857 vigilanda
709 1778 795 1856 deos,

116 1863 159 1925 Et
171 1863 281 1941 quibus
292 1863 439 1942 inposuit,
455 1860 546 1922 solvit
556 1882 626 1922 mox
636 1862 738 1923 vincla
748 1861 862 1922 libido:

159 1947 348 2007 Continuant
357 1948 446 2007 nobis
459 1946 561 2005 omina
570 1948 669 2026 prima
680 1945 783 2006 fidem.

65 2040 99 2092 15
119 2030 213 2108 Ergo,
227 2031 280 2108 qui
290 2035 395 2108 pactas
407 2031 439 2089 in
450 2028 582 2089 foedera
592 2032 715 2109 ruperit
726 2049 804 2108 aras,
956 2039 990 2091 25

40 2126 42 2130 ⁴
157 2111 372 2192 Pollueritque
383 2132 463 2173 novo
475 2131 561 2172 saera
571 2114 681 2173 marita
690 2120 772 2191 toro,
947 2180 950 2185 ,

119 2194 170 2257 Illi
184 2198 246 2257 sint
258 2197 442 2275 quicumque
455 2195 558 2257 solent
571 2198 719 2257 inaniore
733 2195 869 2274 dolores,

157 2281 200 2340 Et
210 2287 300 2359 caput
311 2285 437 2358 argutae
448 2282 597 2359 praebeat
608 2281 769 2355 historiae,

60 2376 63 2391 ·
116 2362 184 2424 Neo
193 2364 282 2423 denti
293 2363 434 2423 dominae
444 2363 594 2443 patefiant
605 2370 697 2423 nocte
708 2362 883 2422 fenestrae:

61 2457 98 2510 20
160 2446 290 2528 Semper
300 2453 391 2525 amet,
402 2447 507 2507 fructu
519 2464 642 2525 semper
653 2445 765 2506 amoris
777 2447 882 2524 egens.
956 2451 991 2506 30

42 2580 95 2674 2l
115 2577 266 2691 lllagnum
275 2615 339 2674 iter
350 2613 390 2675 ad
401 2615 507 2675 doctas
517 2612 674 2693 proficisci
685 2630 779 2690 cogor
790 2611 938 2687 Athenas,

158 2698 203 2758 Ut
213 2715 262 2756 me
272 2696 365 2777 longa
376 2701 460 2779 gravi
472 2697 571 2758 solvat
582 2714 686 2756 amore
696 2697 753 2757 via.

118 2780 243 2842 (irascit
254 2782 337 2841 enim
349 2783 472 2843 assidue
484 2777 653 2861 spectando
666 2797 739 2838 eura
749 2774 889 2858 puellae:

157 2865 226 2944 lpse
237 2863 382 2926 alimenta
392 2868 453 2927 sibi
463 2865 591 2925 maxima
600 2864 733 2943 praebet
744 2881 837 2921 amor.

78 2957 96 3010 5
119 2947 229 3008 Omnia
239 2956 471 3030 sunttemptata
481 2949 567 3027 mihi,
580 2965 770 3027 quacumque
780 2945 881 3025 fugari

158 3032 278 3093 Possit:
300 3039 332 3093 at
343 3052 381 3094 ex
392 3035 475 3094 omni
487 3052 536 3093 me
548 3033 663 3112 premit
673 3032 741 3111 ipse
753 3028 838 3089 deus.

117 3115 178 3178 vix
187 3122 292 3177 tamen
302 3124 354 3176 aut
365 3116 462 3177 semel
473 3116 618 3194 admittit,
630 3134 698 3174 eum
708 3128 801 3193 saepe
812 3110 950 3189 negavit:

158 3199 223 3261 Seu
232 3201 328 3279 venit,
341 3207 479 3262 extremo
492 3200 606 3261 dormit
616 3199 727 3257 amiato
736 3202 816 3256 toro.

117 3283 220 3344 Unum
231 3286 294 3345 orit
304 3283 464 3346 auxilium:
486 3283 610 3346 mutatis
623 3279 863 3361 Cynthiaterris
985 3346 988 3351 ,

62 3376 100 3429 10
163 3368 317 3444 Quantum
329 3367 437 3447 oculis,
448 3371 548 3429 animo
560 3374 623 3426 tam
632 3363 742 3446 procul
752 3364 812 3424 ibit
821 3379 914 3422 amor.

117 3450 207 3511 Nune
218 3454 311 3532 agite,
323 3472 341 3514 o
353 3453 441 3533 socii,
451 3450 622 3534 propellite
631 3452 665 3511 in
676 3465 811 3528 aequora
821 3461 938 3521 navem,

73 3534 284 3599 Proraurrus.
768 3537 786 3592 6
