2220 3846
83 227 126 292 os
194 311 197 317 Ι
383 220 743 309 rnorusou

125 441 151 534 ll
168 435 268 533 Sacra
279 473 354 532 facit
366 478 466 531 vates:
489 472 552 530 sint
563 490 617 530 ora
628 470 884 550 faventiasaoris,

90 627 93 633 ¹
207 557 249 619 Elt
260 555 349 616 cadat
361 561 431 615 ante
444 571 529 613 meos
542 555 604 613 ieta
615 554 745 626 iuvenco
753 555 852 616 focos.

169 641 250 702 (iera
259 638 430 699 Philetaeis
442 642 544 698 oertet
553 637 690 703 Romana
701 638 868 716 corymbis,

207 725 249 785 Et
260 723 436 802 Cyrenaeas
446 740 524 781 urna
534 722 691 781 ministret
702 740 803 799 aquas.

130 817 147 871 5
169 809 296 871 Gustum
306 804 402 866 molle
414 804 485 865 date
498 811 531 864 et
540 803 646 864 blandi
657 804 732 863 mihi
743 804 821 863 turis
832 802 986 883 honores,

209 891 336 968 Terque
348 889 450 949 focum
461 889 544 948 eirea
553 887 663 948 laneus
675 887 759 946 orbis
771 891 831 946 eat.

168 973 310 1054 Spargite
321 991 370 1031 me
380 970 525 1050 lymphis,
537 987 722 1048 carmenque
733 969 918 1030 recentibus
928 971 992 1031 aria

207 1055 300 1117 Tibia
309 1054 487 1135 Mygdoniis
500 1056 579 1117 libet
590 1056 708 1114 eburna
718 1051 811 1114 codis.

167 1141 213 1201 lte
224 1138 335 1219 prooul
344 1138 480 1216 fraudes,
492 1137 551 1199 alio
562 1139 625 1198 sint
635 1156 708 1197 aere
719 1155 833 1197 noxae:

115 1235 149 1286 10
209 1224 291 1282 Pura
301 1243 412 1283 novum
421 1224 484 1282 voti
493 1223 599 1284 laurea
608 1220 710 1281 mollit
719 1221 790 1280 iter,

167 1307 267 1383 Musa,
276 1304 411 1366 Palatini
421 1307 594 1365 referemus
605 1303 761 1384 Apollinis
775 1300 903 1362 aedem:

106 1459 118 1472 ἱ
207 1389 270 1448 lies
282 1396 340 1466 est,
353 1387 506 1468 Calliope,
518 1389 610 1465 digna
619 1388 725 1447 favore
737 1393 800 1448 tuo.

167 1472 308 1532 Caesaris
320 1472 353 1529 in
363 1488 476 1529 nomen
489 1470 642 1530 ducuntur
653 1471 803 1531 earmina:
827 1470 946 1530 Caesar

208 1555 287 1614 Dum
299 1554 429 1631 canitur,
441 1571 565 1632 quaeso,
578 1554 718 1634 luppiter
727 1556 796 1634 ipse
808 1569 925 1614 vasates.a

112 1642 146 1702 *15
166 1640 225 1702 Est
234 1639 354 1698 Phoebi
365 1639 487 1716 fugiens
501 1637 667 1698 Athamana
678 1637 716 1697 ad
728 1637 822 1697 litora
832 1643 956 1716 portus,

206 1724 272 1800 Qua
284 1723 369 1781 smus
379 1721 483 1781 Ioniae
493 1741 647 1781 murmura
659 1721 765 1781 condit
776 1738 884 1799 aquae,

61 1838 63 1843 ·
165 1807 255 1866 Actia
266 1803 369 1865 Iuleae
380 1802 507 1885 pelagus
519 1806 706 1865 monimenta
716 1805 850 1883 carinae,

204 1890 370 1957 Nautarum
381 1889 460 1948 votis
470 1907 532 1948 nou
544 1907 674 1967 operosa
683 1890 740 1949 via.

164 1973 233 2032 Huc
245 1972 349 2032 mundi
361 1974 466 2032 coiere
477 1992 597 2032 manus:
618 1974 707 2033 stetit
718 1989 855 2050 aequore
865 1968 966 2032 moles

110 2065 145 2116 20
205 2056 312 2132 Pinea,
321 2074 381 2114 neo
391 2057 486 2115 remis
498 2075 595 2134 aequa
605 2057 728 2116 favebat
738 2057 810 2116 aris.

163 2136 273 2199 Altera
285 2136 392 2197 elassis
403 2144 472 2197 erat
483 2138 606 2198 Teucro
621 2138 760 2198 damnata
772 2139 916 2217 Quirino,

203 2219 333 2298 Pilaque
345 2220 480 2281 feminea
489 2223 625 2302 turpiter
636 2230 704 2283 acta
713 2240 818 2283 mauu:

162 2305 244 2365 Hine
255 2305 393 2384 Augusta
403 2306 480 2366 ratis
490 2304 593 2386 plenis
603 2307 682 2367 Iovis
694 2308 795 2367 omine
806 2303 887 2365 velis

203 2389 357 2468 Signaque
368 2391 428 2451 iam
438 2391 558 2470 patriae
570 2392 696 2452 vincere
709 2390 799 2451 docta
810 2405 893 2450 auae.

107 2481 142 2534 25
164 2472 304 2533 Tandem
316 2476 398 2535 acies
409 2476 547 2553 geminos
558 2473 678 2535 Nereus
688 2477 809 2538 lunarat
819 2474 852 2532 in
865 2491 965 2548 araus,

202 2558 366 2618 Armorum
375 2558 471 2619 radiis
481 2560 565 2638 pieta
574 2560 728 2620 tremebat
738 2577 826 2638 aqua,

163 2640 240 2701 Cum
249 2641 394 2700 Phoebus
405 2640 550 2720 linquens
562 2648 695 2702 stantem
707 2661 740 2702 se
751 2640 875 2703 vindioe
885 2639 985 2701 Delon

203 2719 301 2809 (Nam
312 2723 386 2785 tulit
396 2725 492 2786 iratos
503 2725 625 2787 mobilis
636 2747 696 2786 una
707 2719 826 2808 Notos]

160 2807 270 2868 Astitit
280 2809 411 2887 Augusti
422 2812 549 2889 puppim
560 2828 664 2889 super,
676 2817 709 2869 et
719 2828 796 2867 nova
809 2810 931 2868 flamma

107 2896 142 2949 30
203 2890 296 2949 Luxit
305 2893 339 2952 in
350 2891 566 2969 obliquam-ter
577 2895 696 2952 sinuata
706 2891 815 2948 facem.

159 2971 228 3031 Non
242 2969 299 3029 ille
311 2970 458 3031 attulerat
470 2976 572 3032 crines
581 2976 614 3032 in
626 2971 708 3032 oolla
719 2971 837 3032 solutos

200 3054 263 3112 Aut
273 3051 468 3114 testudineae
481 3073 604 3115 carmen
615 3057 735 3116 inerme
745 3053 845 3135 lyrae,

160 3134 224 3195 Sed
236 3134 319 3214 quali
331 3139 450 3217 aspexit
459 3137 629 3219 Pelopeum
640 3142 869 3219 Agamemnona
880 3139 979 3215 vultu,

199 3219 386 3300 Egessitque
399 3221 494 3283 avidis
505 3225 617 3284 Dorica
629 3232 729 3286 castra
740 3226 834 3303 rogis,

105 3308 138 3362 35
161 3303 224 3362 Aut
236 3303 333 3382 qualis
342 3307 439 3366 ssexos
451 3306 543 3367 solvit
554 3311 695 3387 Pythona
704 3329 762 3390 per
774 3310 867 3369 orbes

199 3387 394 3466 Serpentem,
407 3389 542 3451 inbelles
555 3412 645 3471 quem
655 3395 787 3453 timuere
797 3389 896 3470 lyrae.

159 3471 232 3531 Mox
244 3474 286 3532 ait
299 3477 329 3533 ‘o
340 3472 431 3553 longa
442 3475 547 3535 mundi
559 3483 697 3537 servator
709 3478 746 3537 ab
758 3474 849 3552 Alba,
