2220 3846
191 192 196 200 ’
289 235 692 316 nrauauran.
908 237 971 303 1oo

95 404 160 464 Aut
170 404 197 461 si
209 404 277 481 quis
287 403 388 482 posita
398 401 491 462 iudex
502 402 592 462 sedet
602 404 722 463 Aeaeus
733 423 820 481 urna,

48 496 79 549 io
141 487 177 546 lu
189 505 258 544 mea
268 487 378 544 sortita
388 485 524 545 vindicet
536 505 605 545 ossa
615 485 694 564 pila:

95 568 271 630 Adsideaut
279 569 405 645 fratres,
416 571 500 629 iuxta
510 569 650 630 Minoida
661 568 771 629 sellam

135 651 341 712 Eumenidum
351 653 472 713 intento
483 655 574 712 turba
587 671 695 713 severa
705 654 792 712 foro:

96 735 240 816 Sisyphe,
255 735 337 795 mole
348 754 448 814 vaces,
460 743 583 796 taceant
593 736 706 797 Ixionis
720 731 822 813 orbes,

134 818 243 891 Fallax
254 818 407 878 Tantaleo
419 822 589 899 corripiare
602 818 717 898 liquor,

48 910 75 964 25
97 903 254 963 Cerberus
266 909 299 962 et
308 902 408 962 nullas
420 901 514 986 hodie
525 910 612 983 petat
622 905 780 983 improbus
791 905 925 982 umbras,

129 986 175 1046 ,Et
185 988 286 1059 iaceat
295 988 389 1047 tacita
398 986 486 1066 lapsa
497 993 606 1047 catena
617 1007 697 1047 sera.

92 1068 282 1151 lpsavloquar
293 1091 350 1150 pro
362 1089 428 1129 me:
450 1073 476 1129 si
486 1069 575 1147 fallo,
587 1088 688 1149 poena
698 1088 839 1129 sororum

134 1151 247 1213 Infellx‘
255 1155 403 1213 humeros
415 1159 525 1230 urgeat
535 1173 613 1212 urna
622 1171 717 1213 meos.

94 1235 128 1296 Si
139 1237 189 1296 cui
199 1237 280 1296 fama
292 1237 352 1296 fuit
361 1255 420 1314 per
432 1237 511 1295 avita
521 1242 650 1315 tropaea
661 1233 779 1312 decori,

48 1330 75 1384 to
137 1320 214 1380 Afra
225 1320 428 1379 Numantinos
441 1336 538 1396 regua
547 1317 718 1397 loquuntur
730 1339 812 1396 avos,

92 1402 201 1465 Altera
211 1409 368 1464 maternos
380 1407 532 1480 exaequat
541 1405 633 1461 turba
644 1402 790 1479 Libones,

132 1488 175 1547 ut
187 1486 293 1548 domus
305 1493 354 1547 est
365 1486 463 1546 titulis
474 1491 606 1563 utraque
618 1483 698 1544 fulta
709 1486 780 1546 suis.

93 1570 180 1645 Mox,
191 1571 244 1629 ubi
253 1572 314 1630 iam
323 1571 442 1630 facibus
456 1569 550 1628 cessit
560 1570 861 1647 praetexta-maritis,

134 1652 242 1714 vinxit
253 1658 286 1712 et
298 1660 438 1732 acceptas
451 1651 550 1712 altera
558 1652 635 1711 vitta
647 1671 758 1727 comas,

48 1748 72 1801 ⁵5
92 1735 216 1814 lungun
227 1735 408 1814 Paulle,tuo
420 1738 465 1797 sic
476 1736 651 1796 discessura
661 1733 770 1794 cubili:

132 1818 282 1900 lulapide
292 1820 352 1879 hoe
363 1823 417 1880 uni
427 1826 522 1901 nupta
531 1820 628 1879 fuisse
638 1818 734 1896 legar.

92 1904 209 1963 Testor
220 1905 369 1962 maiorum
380 1905 501 1963 eineres
512 1905 580 1982 tihi,
592 1903 698 1980 Roma,
709 1901 874 1978 verendos,
963 1965 964 1969 ,

134 1987 198 2045 Sub
210 2004 341 2064 quorum
350 1985 459 2064 titulis,
470 1987 586 2064 Africa,
597 1994 686 2047 tonsa
696 1988 789 2063 iaces,

90 2071 133 2132 ut
145 2069 265 2130 Persen
275 2070 382 2149 proavi
393 2069 586 2130 simulantem
595 2076 707 2150 pectus
716 2067 849 2130 Achillis

48 2160 74 2215 to
134 2154 255 2232 Quique
266 2159 334 2212 tuas
346 2172 460 2232 proavo
469 2154 568 2232 fregit
577 2153 701 2214 Achille
714 2153 831 2230 domos,

91 2237 145 2297 Me
154 2246 256 2315 neque
268 2254 417 2296 censurae
428 2234 533 2313 legem
543 2236 682 2296 mollisse
692 2256 751 2296 nec
762 2236 826 2296 ulla

131 2319 216 2381 Labe
228 2338 296 2379 mea
306 2325 427 2380 vestros
439 2320 599 2377 erubuisse
609 2319 705 2377 focos.

91 2403 160 2464 Nou
170 2404 231 2463 fuit
241 2405 356 2465 exuviis
366 2403 461 2462 tantis
474 2399 620 2461 Cornelia
631 2399 787 2460 damnum:
832 2425 840 2429 ·

133 2488 214 2564 Quin
227 2493 296 2547 erat
309 2493 341 2547 et
352 2504 479 2564 magnae
490 2503 562 2566 pars
572 2483 720 2544 imitanda
730 2481 845 2544 domus.

48 2578 70 2631 ιδ
91 2570 157 2631 Neo
167 2589 236 2630 mea
245 2576 361 2631 mutata
371 2576 420 2630 est
431 2576 525 2646 aetas,
537 2570 603 2628 siue
615 2569 743 2628 crimine
754 2573 821 2627 tota
830 2573 893 2628 est:

131 2654 271 2716 Viximus
284 2655 420 2732 insignes
431 2655 515 2713 inter
526 2659 688 2730 utramque
698 2652 808 2712 facem.

91 2737 139 2797 Mi
149 2743 259 2796 natura
268 2735 356 2798 dedit
366 2737 454 2816 leges
466 2759 484 2796 a
495 2739 642 2814 'sanguine
654 2735 771 2811 ductas,
875 2800 877 2803 ,

131 2821 179 2881 Ne
190 2839 313 2900 possem
323 2821 433 2881 melior
442 2821 634 2880 iudicisesse
646 2825 737 2878 metu.

68 2941 75 2952 ι
93 2903 259 2981 Quaelibet
269 2912 408 2966 austeras
419 2904 459 2965 de
472 2923 521 2964 me
532 2905 615 2964 ferat
625 2922 702 2963 urna
713 2899 857 2960 tabellas:

48 2997 74 3048 'ro
134 2989 271 3067 'l'urpior
282 3009 403 3049 assessu
412 3007 474 3048 non
486 2991 547 3048 erit
557 2987 623 3048 ulla
632 3006 713 3063 meo,

91 3070 154 3134 Vel
163 3078 207 3148 tu,
221 3072 299 3149 quae
308 3072 428 3130 tardam
438 3074 560 3132 mouisti
569 3073 643 3132 fune
655 3071 815 3150 Cybeben,

62 3159 66 3168 '
133 3154 271 3232 Claudia,
282 3156 414 3226 turritae
424 3175 495 3216 rara
505 3158 646 3216 ministra
656 3154 743 3231 deae,

91 3237 154 3300 Vel
167 3240 226 3314 cui,
239 3239 416 3298 commissos
426 3259 497 3299 cum
505 3240 602 3302 Vesta
612 3244 795 3319 reposceret
806 3239 904 3314 ignes,

131 3322 281 3381 Exhibuit
291 3323 375 3382 vivos
386 3324 528 3383 carbasus
540 3322 609 3382 alba
619 3324 715 3383 focos.

48 3416 72 3467 te
92 3405 158 3466 Nec
171 3413 215 3482 te,
230 3404 322 3465 dulce
336 3412 437 3485 caput,
450 3413 549 3466 mater
561 3407 733 3482 Scribonia,
744 3404 836 3464 laesi:

132 3488 229 3549 lume
239 3497 388 3551 mutatum
398 3489 474 3569 quid
483 3491 543 3550 nisi
553 3491 617 3550 fata
626 3489 726 3550 velis?
