2220 3846
105 223 149 289 12
403 222 763 286 l’liOPllR'lll

189 397 253 456 Aut
263 395 289 454 si
300 392 466 474 despectus
476 393 579 473 potuit
589 394 709 451 mutare
721 389 859 453 calores:

233 479 311 538 Sunt
325 495 447 557 qnoque
458 474 608 536 translato
619 475 730 554 gaudia
741 479 878 541 servitio.

189 562 237 622 Mi
254 580 357 640 neque
375 578 477 620 amare
495 559 587 620 aliam
603 577 709 637 neque
718 562 756 620 ab
767 562 825 621 bac
838 561 1005 627 discedere
1016 568 1044 627 ia

134 738 171 791 20
235 690 369 807 Cynthia
378 729 478 808 prima
488 728 558 804 luit,
570 650 786 805 Cyntililtdnis
799 729 869 790 erit.

487 833 682 847 -ῌ

35 971 38 975 ¹
116 860 169 954 13
189 858 252 970 Tu,
265 891 348 972 qnod
359 912 453 974 saepe
464 893 559 974 sales,
570 902 678 956 nostro
689 895 849 956 laetabere
862 914 945 976 casu,

232 976 333 1056 Galle,
346 978 429 1056 quod
440 981 570 1060 abrepta
583 979 666 1039 sulus
678 996 783 1039 amore
794 997 908 1040 vacem.

189 1062 232 1121 At
242 1081 304 1120 nan
315 1063 383 1141 ipse
394 1067 463 1123 tuas
474 1065 629 1140 imitabor,
639 1062 772 1143 perfide,
783 1081 892 1121 voees:

230 1143 359 1205 Fallere
369 1151 403 1206 te
413 1164 586 1227 numquam,
599 1144 700 1225 Galle,
710 1144 818 1226 puella
828 1143 914 1207 velit.

152 1238 168 1289 5
188 1229 268 1288 Dum
279 1231 337 1289 tibi
348 1227 489 1310 deceptis
501 1237 631 1309 augetur
640 1232 721 1291 fama
730 1227 857 1309 puellis,

230 1312 343 1372 Certus
355 1315 431 1373 etin
440 1312 527 1374 nullo
541 1316 664 1393 qnaeris
676 1333 780 1373 amore
791 1333 918 1391 moram,

187 1395 334 1455 Perditus
344 1399 378 1455 iu
389 1397 518 1476 quadam
529 1399 627 1458 tardis
636 1396 813 1478 pallescere
825 1399 907 1456 curis

150 1530 152 1533 .
229 1479 343 1559 Incipis
354 1482 497 1560 etprimo
510 1480 615 1561 lapsus
628 1484 714 1542 abire
726 1479 830 1560 gradu.

187 1562 273 1622 Haec
285 1565 347 1623 erit
356 1563 477 1624 illarum
489 1569 659 1647 contempti
669 1585 772 1647 poena
782 1565 915 1625 doloris:

132 1656 167 1709 10
227 1645 397 1707 Multarum
409 1651 537 1709 miseran
549 1651 652 1728 exiget
662 1648 825 1710 una‘vices.

185 1730 273 1789 Haec
283 1732 342 1791 tibi
352 1731 496 1810 vulgares
507 1735 584 1794 istas
598 1740 776 1814 compescet
787 1751 918 1809 amores,

226 1812 293 1873 Nee
302 1833 382 1874 nova
393 1818 571 1894 quaerendo
583 1836 707 1898 semper
719 1819 832 1877 amicus
844 1817 916 1875 eris.

185 1897 272 1956 Haec
283 1916 341 1976 ego
352 1918 416 1959 nau
425 1919 550 1959 rumare
561 1900 651 1980 malo,
662 1921 725 1961 nou
737 1919 852 1979 augure
864 1899 985 1978 doetus,

226 1981 300 2042 Vidi
311 2000 386 2061 ego:
407 2001 457 2043 me
469 2004 583 2063 quaeso
596 1991 680 2046 teste
690 2003 806 2062 negare
817 1984 931 2064 potes?

131 2072 165 2126 15
185 2063 260 2127 Vidi
272 2083 329 2142 ego
342 2070 374 2125 te
385 2072 452 2126 totu
463 2069 598 2128 vinetum
607 2067 809 2145 languescere
822 2064 904 2126 colla

19 2153 21 2156 ’
224 2147 267 2208 lit
276 2149 355 2208 flere
366 2151 500 2230 iniectis,
513 2151 613 2228 Galle,
626 2150 679 2209 diu
688 2152 838 2228 manibus,

184 2231 227 2292 nt
237 2249 352 2311 cupere
364 2237 478 2314 optatis
493 2237 622 2295 animam
633 2232 791 2312 deponere
802 2231 910 2312 labris,

223 2315 266 2374 Et
277 2335 354 2394 quae
366 2318 480 2379 deinde
492 2337 577 2378 mens
589 2316 681 2394 celat,
694 2317 801 2392 umiae,
811 2315 922 2395 pudor.

79 2414 86 2429 ·
182 2397 252 2458 Nou
264 2418 321 2478 ega
334 2402 509 2484 complexus
521 2403 610 2483 potui
624 2400 773 2461 diducere
784 2405 921 2460 vestros:

128 2489 164 2542 20
226 2481 345 2545 Tantus
358 2493 427 2546 erat
438 2485 566 2544 demens
577 2489 661 2544 inter
672 2491 822 2562 utrosque
834 2483 930 2544 furor.

181 2567 251 2626 Nun
263 2569 308 2628 sie
318 2568 489 2627 Haemonio
502 2565 678 2624 Salmonide
691 2568 802 2625 mixtus
813 2568 934 2648 Enipeo

224 2650 396 2710 Taenarius
406 2646 492 2708 facili
503 2650 620 2728 pressit
631 2669 735 2709 amore
749 2649 835 2728 dens,

180 2732 246 2792 Nee
257 2734 302 2792 sia
313 2729 482 2792 caelestem
492 2734 626 2812 flagrans
638 2754 722 2793 amor
733 2734 879 2794 Herculis
889 2736 1002 2798 Heben

222 2816 328 2875 Sensit
336 2818 371 2875 iu
382 2817 507 2878 Oetaeis
520 2817 629 2896 gaudia
639 2821 738 2898 prima
748 2819 837 2896 iugis.

126 2906 160 2959 2⁵
181 2900 251 2960 Una
262 2898 329 2958 dies
341 2919 447 2959 omnes
459 2901 562 2980 putuit
572 2919 777 2980 praecurrere
789 2914 924 2961 amores:

217 2982 294 3042 Nam
304 2983 363 3040 tibi
373 3001 435 3040 uun
445 2981 568 3062 tepidas
579 2984 717 3046 subdidit
726 2985 781 3045 illa
790 2985 887 3062 faces,

178 3065 245 3125 Nec
256 3066 314 3126 tibi
325 3067 514 3142 praeteritos
524 3086 614 3147 passa
624 3076 673 3129 et
684 3069 854 3129 succedere
865 3069 975 3149 fastus,

217 3149 284 3207 Nee
295 3149 378 3213 sinet
389 3149 513 3210 abduci:
534 3157 567 3212 te
577 3159 649 3213 tuus
660 3153 753 3213 ardor
765 3159 844 3231 aget.

177 3229 243 3289 Nee
255 3233 375 3312 mirum,
387 3254 454 3295 eum
466 3237 506 3296 sit
517 3236 587 3296 lure
600 3237 691 3315 digna
702 3245 734 3296 et
744 3236 882 3327 proxima
893 3235 998 3297 Ledae

122 3319 159 3373 30
218 3313 260 3374 Et
274 3313 379 3378 Ledae
389 3326 481 3399 partu
492 3322 610 3397 gratior
620 3341 680 3380 una
689 3323 801 3401 tribus,

176 3392 236 3457 Illa
246 3401 287 3459 sit
297 3401 429 3463 Inachiis
441 3411 474 3464 et
485 3402 629 3463 blandior
639 3406 789 3483 heminis,

216 3481 272 3544 llla
282 3485 345 3546 suis
356 3489 461 3549 verbis
472 3494 562 3566 cogat
572 3506 673 3548 amare
684 3488 794 3550 lovem.
