2220 3846
387 72 396 104 t

237 157 842 287 lilttltli111‚1a,1a,14,15.¹
946 209 991 274 tt

120 371 201 431 Tum
211 391 261 432 me
270 369 322 432 vel
333 373 469 450 tragicae
479 372 598 432 vexetis
608 372 743 451 Erinyes
754 380 787 434 et
797 394 846 436 me

60 465 100 518 30
162 455 288 515 inferno
301 454 700 533 damnes,Aeace,1uduclo,

120 539 223 616 Atque
234 541 319 598 inter
330 539 416 617 Tityi
425 536 569 598 volucres
581 557 649 598 mea
658 557 760 618 poena
769 548 906 623 vagetur,

161 621 301 701 Tumque
313 641 370 700 ego
381 623 529 720 Sisyphio
539 641 609 680 saxa
618 620 727 683 labore
739 642 851 701 geram.

116 704 183 765 Nec
195 712 230 765 tu
240 704 432 784 supplicibus
443 723 492 764 me
504 705 547 764 sis
556 712 703 766 venerata
712 705 852 768 tabellis:

159 787 276 849 Ultima
286 787 360 848 talis
371 789 443 864 erit,
457 805 534 866 quae
545 805 613 848 mea
623 791 722 868 prima
732 790 819 852 fides.

60 880 98 934 35
120 872 190 930 Hoc
201 872 277 931 mihi
286 873 461 951 perpetuo'
451 891 498 932 ms
510 877 569 950 est,
581 872 665 950 quod
676 872 761 935 solus
773 881 889 936 amator

121 954 225 1049 Nec
237 957 298 1014 cito
311 954 427 1014 desisto
439 973 496 1014 nec
508 958 649 1045 temcrc'
639 959 765 1037 moipio.

42 1085 100 1178 14
116 1085 170 1179 ihh
182 1120 378 1200 quantumde
390 1123 564 1182 mePanthr
578 1123 867 1204 t1b1pagmafinx1t,
931 1090 985 1186 21
1027 1088 1037 1109 ⁹

157 1205 291 1265 Tantum
301 1203 351 1264 illi
361 1206 482 1265 Pantho
494 1224 534 1264 ne
547 1206 588 1264 sit
599 1207 695 1264 amica
705 1207 828 1266 Venus!

38 1286 45 1294 ’
118 1287 181 1347 Sed
191 1291 269 1349 triu
260 1307 320 1349 lam
330 1289 439 1349 vrdeor
449 1288 579 1348 Dodona
588 1307 692 1348 verlor
704 1290 823 1368 augus*²
903 1304 904 1307 ’

156 1371 292 1432 Uxorem
303 1371 360 1433 ille
371 1381 442 1433 tuus
453 1370 585 1451 pulcher
596 1379 713 1433 amator
723 1374 827 1434 habet.

74 1461 93 1514 5
118 1454 180 1514 Tot
190 1464 301 1517 noctes
311 1459 454 1537 periere:
477 1455 556 1516 nihil
566 1455 688 1535 pudet?
709 1459 824 1537 aspice,
836 1463 940 1519 cantat

153 1538 264 1599 Liber:
286 1546 321 1599 tu
334 1543 461 1600 nimium
473 1539 599 1600 credula
610 1539 676 1599 sola
685 1541 778 1599 iaces.

111 1621 156 1682 Et
166 1639 247 1679 nune
258 1623 341 1681 inter
352 1641 406 1682 eos
417 1629 452 1681 tu
464 1641 565 1682 sermo
577 1640 622 1697 es,
633 1627 666 1680 te
677 1619 735 1685 ille
748 1624 898 1700 superbus

157 1703 242 1760 Dicit
254 1721 287 1762 se
298 1705 395 1762 invito
407 1721 500 1781 saepe
510 1703 608 1762 fuisse
620 1701 711 1763 domi.

111 1786 305 1864 Dispeream,
317 1788 344 1846 si
357 1788 518 1865 quicquam
530 1785 612 1847 aliud
626 1806 715 1864 quam
726 1785 825 1864 gloria
835 1787 875 1848 dc
885 1794 919 1849 te

56 1878 94 1932 10
155 1870 337 1944 Quaeritur:
356 1871 412 1930 has
422 1869 530 1931 laudes
540 1868 596 1930 ule
610 1872 737 1930 mantus
748 1872 851 1933 habet

113 1950 299 2013 Colchida
274 1973 319 2013 s1c
330 1954 445 2033 hospes
458 1953 611 2033 qnondam
621 1953 747 2042 decepit
757 1954 861 2015 lason:

151 2030 261 2096 Electa
272 2044 335 2112 est
356 2039 458 2097 tenurt
469 2057 600 2116 namque
612 2039 730 2097 Creusa
741 2037 873 2101 domum

111 2119 164 2179 Sic
176 2141 193 2179 a
204 2084 371 2181 Dulichio
362 2140 474 2182 luvene
488 2128 537 2181 est
549 2119 634 2181 elusa
645 2120 797 2202 Calypso·

153 2203 242 2265 Vidit
255 2211 421 2265 amatorem
432 2204 570 2284 pandere
582 2202 652 2266 vela
663 2226 758 2266 suum

54 2290 89 2348 15
110 2287 161 2346 Ah
174 2288 300 2346 nimium
311 2287 420 2347 faciles
431 2307 536 2347 aurem
546 2291 700 2368 praebere
710 2288 845 2366 puellae,

151 2370 270 2428 Discite
282 2367 426 2429 desertae
436 2389 499 2428 nou
509 2377 631 2429 temere
643 2388 712 2430 esse
723 2373 832 2431 bonae.

108 2453 192 2513 Huic
204 2471 326 2531 quoque
339 2473 391 2532 qur
382 2454 523 2512 ''restet
512 2472 573 2512 lam
583 2452 706 2532 pridem
714 2442 874 2532 quaeritur
888 2453 987 2516 altera

149 2537 329 2616 Expertum
339 2538 451 2616 primo,
463 2536 568 2615 stulta,
580 2555 691 2597 cavere
701 2544 801 2617 potes.

83 2642 87 2649 ·
107 2620 172 2680 Nos
184 2639 375 2698 quocumque
385 2619 472 2698 loeo‚-
484 2640 540 2680 nos
553 2623 787 2700 omnitempore
800 2628 903 2682 tecum
925 2629 929 2634 '

51 2711 91 2765 20
153 2703 225 2762 Sive
237 2721 328 2780 aegra
337 2705 457 2782 pariter
470 2705 533 2762 sive
545 2703 669 2763 valente
684 2724 795 2763 sumus.

31 2833 89 2927 15
108 2829 182 2928 Scis
195 2868 446 2931 heremimultas
459 2868 884 2950 paritcrplacuissepuellas,
924 2838 991 2932 22
1058 2948 1061 2953 Ι

149 2952 216 3011 Scis
227 2955 313 3031 mihi,
324 2955 537 3034 Demophoon,
548 2952 645 3014 multa
655 2957 762 3014 venire
775 2952 863 3016 mala

104 3033 197 3095 Nulla
211 3039 289 3097 meis
298 3039 416 3098 frustra
425 3037 597 3099 lustrentur
609 3041 742 3118 compita
751 3037 877 3117 plantis,

148 3119 216 3178 0
186 3122 277 3180 ulmis
289 3123 383 3180 exitio
395 3127 467 3181 nata
476 3123 600 3181 theatra
611 3139 691 3198 meo,

63 3211 82 3263 5
105 3201 180 3262 sivo·
190 3203 300 3284 aliquis
311 3203 396 3263 molli
408 3204 526 3264 diducit
538 3203 668 3264 candida
679 3209 769 3280 gestu

143 3285 275 3347 Brachia
286 3306 341 3347 scu
351 3289 452 3347 varios
466 3289 577 3348 incinit
589 3305 643 3346 ore
655 3286 778 3346 modos!

100 3369 227 3432 Interea
237 3373 338 3432 nostri
350 3378 502 3450 quaerunt
513 3373 572 3431 sibi
584 3369 692 3432 vulnus
706 3367 810 3445 ocelli,

143 3454 282 3537 Candida
292 3474 354 3516 nou
366 3461 451 3516 tecto
462 3461 590 3535 pectore
603 3457 630 3515 si
645 3474 703 3532 qua
714 3451 817 3528 sedet,
