<?xml version="1.0" encoding="UTF-8"?>
<!DOCTYPE html PUBLIC "-//W3C//DTD XHTML 1.0 Transitional//EN"
    "http://www.w3.org/TR/xhtml1/DTD/xhtml1-transitional.dtd">
<html xmlns="http://www.w3.org/1999/xhtml" xml:lang="en" lang="en">
 <head>
  <title>
</title>
<meta http-equiv="Content-Type" content="text/html;charset=utf-8" />
  <meta name='ocr-system' content='tesseract 3.04.00' />
  <meta name='ocr-capabilities' content='ocr_page ocr_carea ocr_par ocr_line ocrx_word'/>
</head>
<body>
  <div class='ocr_page' id='page_1' title='image "./elegiae00propgoog_0035.png"; bbox 0 0 2220 3846; ppageno 0'>
   <div class='ocr_carea' id='block_1_1' title="bbox 57 3510 125 3628">
    <p class='ocr_par' dir='ltr' id='par_1_1' title="bbox 57 3510 125 3628">
     <span class='ocr_line' id='line_1_1' title="bbox 57 3510 125 3628; baseline 0 -73"><span class='ocrx_word' id='word_1_1' title='bbox 57 3510 125 3628; x_wconf 40' lang='lat'>,⁸</span> 
     </span>
    </p>
   </div>
   <div class='ocr_carea' id='block_1_2' title="bbox 447 197 873 287">
    <p class='ocr_par' dir='ltr' id='par_1_2' title="bbox 447 197 873 287">
     <span class='ocr_line' id='line_1_2' title="bbox 447 197 873 287; baseline -0.012 -26"><span class='ocrx_word' id='word_1_2' title='bbox 447 197 873 287; x_wconf 13' lang='lat' dir='ltr'>PROPERTIIR</span> 
     </span>
    </p>
   </div>
   <div class='ocr_carea' id='block_1_3' title="bbox 177 363 1067 1952">
    <p class='ocr_par' dir='ltr' id='par_1_3' title="bbox 177 363 1067 1952">
     <span class='ocr_line' id='line_1_3' title="bbox 274 363 971 446; baseline 0.001 -16"><span class='ocrx_word' id='word_1_3' title='bbox 274 371 362 431; x_wconf 87' lang='lat' dir='ltr'>Haeo</span> <span class='ocrx_word' id='word_1_4' title='bbox 371 368 431 428; x_wconf 80' lang='lat' dir='ltr'>tibi</span> <span class='ocrx_word' id='word_1_5' title='bbox 442 385 482 426; x_wconf 85' lang='lat' dir='ltr'>ue</span> <span class='ocrx_word' id='word_1_6' title='bbox 493 372 624 425; x_wconf 86' lang='lat' dir='ltr'>matrem</span> <span class='ocrx_word' id='word_1_7' title='bbox 634 365 718 424; x_wconf 86' lang='lat' dir='ltr'>forte</span> <span class='ocrx_word' id='word_1_8' title='bbox 730 363 856 425; x_wconf 83' lang='lat' dir='ltr'>dedisse</span> <span class='ocrx_word' id='word_1_9' title='bbox 867 375 971 446; x_wconf 86' lang='lat' dir='ltr'>putes.</span> 
     </span>
     <span class='ocr_line' id='line_1_4' title="bbox 231 448 912 529; baseline -0.009 -14"><span class='ocrx_word' id='word_1_10' title='bbox 231 456 301 515; x_wconf 91' lang='lat' dir='ltr'>Nou</span> <span class='ocrx_word' id='word_1_11' title='bbox 312 472 376 513; x_wconf 88' lang='lat' dir='ltr'>non</span> <span class='ocrx_word' id='word_1_12' title='bbox 388 450 512 510; x_wconf 89' lang='lat' dir='ltr'>humani</span> <span class='ocrx_word' id='word_1_13' title='bbox 524 455 631 529; x_wconf 85' lang='lat' dir='ltr'>parius</span> <span class='ocrx_word' id='word_1_14' title='bbox 643 454 715 508; x_wconf 79' lang='lat' dir='ltr'>suni</span> <span class='ocrx_word' id='word_1_15' title='bbox 726 448 801 507; x_wconf 86' lang='lat' dir='ltr'>talia</span> <span class='ocrx_word' id='word_1_16' title='bbox 815 449 912 509; x_wconf 88' lang='lat' dir='ltr'>dona:</span> 
     </span>
     <span class='ocr_line' id='line_1_5' title="bbox 272 535 933 611; baseline -0.005 -13"><span class='ocrx_word' id='word_1_17' title='bbox 272 540 335 599; x_wconf 85' lang='lat' dir='ltr'>ista</span> <span class='ocrx_word' id='word_1_18' title='bbox 346 535 455 595; x_wconf 86' lang='lat' dir='ltr'>decem</span> <span class='ocrx_word' id='word_1_19' title='bbox 466 551 588 593; x_wconf 90' lang='lat' dir='ltr'>menses</span> <span class='ocrx_word' id='word_1_20' title='bbox 600 552 663 591; x_wconf 90' lang='lat' dir='ltr'>non</span> <span class='ocrx_word' id='word_1_21' title='bbox 675 550 831 611; x_wconf 85' lang='lat' dir='ltr'>peperere</span> <span class='ocrx_word' id='word_1_22' title='bbox 843 536 933 596; x_wconf 86' lang='lat' dir='ltr'>bona.</span> 
     </span>
     <span class='ocr_line' id='line_1_6' title="bbox 233 614 885 695; baseline -0.012 -11"><span class='ocrx_word' id='word_1_23' title='bbox 233 620 342 692; x_wconf 84' lang='lat' dir='ltr'>Gloria</span> <span class='ocrx_word' id='word_1_24' title='bbox 352 621 497 680; x_wconf 87' lang='lat' dir='ltr'>Romanis</span> <span class='ocrx_word' id='word_1_25' title='bbox 509 636 569 675; x_wconf 88' lang='lat' dir='ltr'>una</span> <span class='ocrx_word' id='word_1_26' title='bbox 581 634 616 676; x_wconf 87' lang='lat' dir='ltr'>es</span> <span class='ocrx_word' id='word_1_27' title='bbox 627 620 660 675; x_wconf 92' lang='lat' dir='ltr'>tu</span> <span class='ocrx_word' id='word_1_28' title='bbox 671 623 744 675; x_wconf 86' lang='lat' dir='ltr'>nata</span> <span class='ocrx_word' id='word_1_29' title='bbox 752 614 885 695; x_wconf 86' lang='lat' dir='ltr'>puellis:</span> 
     </span>
     <span class='ocr_line' id='line_1_7' title="bbox 177 698 892 780; baseline -0.01 -10"><span class='ocrx_word' id='word_1_30' title='bbox 177 717 212 770; x_wconf 85' lang='lat'>30</span> <span class='ocrx_word' id='word_1_31' title='bbox 273 707 410 766; x_wconf 86' lang='lat' dir='ltr'>Romana</span> <span class='ocrx_word' id='word_1_32' title='bbox 421 702 581 761; x_wconf 87' lang='lat' dir='ltr'>accumbes</span> <span class='ocrx_word' id='word_1_33' title='bbox 591 701 692 779; x_wconf 85' lang='lat' dir='ltr'>prima</span> <span class='ocrx_word' id='word_1_34' title='bbox 701 698 809 780; x_wconf 86' lang='lat' dir='ltr'>puella</span> <span class='ocrx_word' id='word_1_35' title='bbox 819 701 892 763; x_wconf 85' lang='lat' dir='ltr'>lovi.</span> 
     </span>
     <span class='ocr_line' id='line_1_8' title="bbox 232 783 984 867; baseline -0.007 -16"><span class='ocrx_word' id='word_1_36' title='bbox 232 792 297 851; x_wconf 87' lang='lat' dir='ltr'>Nec</span> <span class='ocrx_word' id='word_1_37' title='bbox 311 805 435 867; x_wconf 85' lang='lat' dir='ltr'>semper</span> <span class='ocrx_word' id='word_1_38' title='bbox 446 786 607 844; x_wconf 89' lang='lat' dir='ltr'>nobiscum</span> <span class='ocrx_word' id='word_1_39' title='bbox 617 785 749 843; x_wconf 82' lang='lat' dir='ltr'>humana</span> <span class='ocrx_word' id='word_1_40' title='bbox 761 783 875 844; x_wconf 83' lang='lat' dir='ltr'>cubilia</span> <span class='ocrx_word' id='word_1_41' title='bbox 886 787 984 847; x_wconf 85' lang='lat' dir='ltr'>vises:</span> 
     </span>
     <span class='ocr_line' id='line_1_9' title="bbox 271 867 1067 935; baseline 0.003 -3"><span class='ocrx_word' id='word_1_42' title='bbox 271 875 349 933; x_wconf 88' lang='lat' dir='ltr'><strong>Post</strong></span> <span class='ocrx_word' id='word_1_43' title='bbox 358 870 511 930; x_wconf 89' lang='lat' dir='ltr'>Helenam</span> <span class='ocrx_word' id='word_1_44' title='bbox 522 868 599 926; x_wconf 90' lang='lat' dir='ltr'>haec</span> <span class='ocrx_word' id='word_1_45' title='bbox 610 869 704 927; x_wconf 87' lang='lat' dir='ltr'>terris</span> <span class='ocrx_word' id='word_1_46' title='bbox 716 867 816 927; x_wconf 86' lang='lat' dir='ltr'>forma</span> <span class='ocrx_word' id='word_1_47' title='bbox 827 870 963 930; x_wconf 80' lang='lat' dir='ltr'>secunda</span> <span class='ocrx_word' id='word_1_48' title='bbox 972 871 1067 935; x_wconf 82' lang='lat' dir='ltr'>redii.</span> 
     </span>
     <span class='ocr_line' id='line_1_10' title="bbox 231 952 1026 1033; baseline -0.003 -16"><span class='ocrx_word' id='word_1_49' title='bbox 231 958 299 1016; x_wconf 91' lang='lat' dir='ltr'>Hac</span> <span class='ocrx_word' id='word_1_50' title='bbox 311 974 367 1033; x_wconf 82' lang='lat' dir='ltr'>ego</span> <span class='ocrx_word' id='word_1_51' title='bbox 382 972 463 1012; x_wconf 87' lang='lat' dir='ltr'>nuuc</span> <span class='ocrx_word' id='word_1_52' title='bbox 474 953 571 1010; x_wconf 89' lang='lat' dir='ltr'>mirer</span> <span class='ocrx_word' id='word_1_53' title='bbox 583 952 608 1009; x_wconf 87' lang='lat' dir='ltr'>si</span> <span class='ocrx_word' id='word_1_54' title='bbox 618 952 729 1028; x_wconf 82' lang='lat' dir='ltr'>flagrat</span> <span class='ocrx_word' id='word_1_55' title='bbox 740 958 846 1011; x_wconf 87' lang='lat' dir='ltr'>nostra</span> <span class='ocrx_word' id='word_1_56' title='bbox 859 954 1026 1015; x_wconf 70' lang='lat' dir='ltr'>iuventus?</span> 
     </span>
     <span class='ocr_line' id='line_1_11' title="bbox 271 1035 944 1115; baseline -0.004 -15"><span class='ocrx_word' id='word_1_57' title='bbox 271 1039 436 1100; x_wconf 88' lang='lat' dir='ltr'>Pulchrius</span> <span class='ocrx_word' id='word_1_58' title='bbox 447 1036 505 1094; x_wconf 90' lang='lat' dir='ltr'>hac</span> <span class='ocrx_word' id='word_1_59' title='bbox 516 1035 628 1113; x_wconf 83' lang='lat' dir='ltr'>luerat,</span> <span class='ocrx_word' id='word_1_60' title='bbox 641 1035 748 1112; x_wconf 78' lang='lat' dir='ltr'>Troia,</span> <span class='ocrx_word' id='word_1_61' title='bbox 759 1037 865 1115; x_wconf 88' lang='lat' dir='ltr'>perire</span> <span class='ocrx_word' id='word_1_62' title='bbox 876 1039 944 1098; x_wconf 85' lang='lat' dir='ltr'>tibi.</span> 
     </span>
     <span class='ocr_line' id='line_1_12' title="bbox 178 1117 957 1198; baseline -0.008 -12"><span class='ocrx_word' id='word_1_63' title='bbox 178 1133 211 1188; x_wconf 84' lang='lat'>35</span> <span class='ocrx_word' id='word_1_64' title='bbox 235 1122 317 1184; x_wconf 91' lang='lat' dir='ltr'>Olim</span> <span class='ocrx_word' id='word_1_65' title='bbox 327 1123 472 1196; x_wconf 84' lang='lat' dir='ltr'>mirabar,</span> <span class='ocrx_word' id='word_1_66' title='bbox 484 1117 568 1197; x_wconf 86' lang='lat' dir='ltr'>quod</span> <span class='ocrx_word' id='word_1_67' title='bbox 578 1120 657 1177; x_wconf 84' lang='lat' dir='ltr'>tanti</span> <span class='ocrx_word' id='word_1_68' title='bbox 669 1119 707 1178; x_wconf 87' lang='lat' dir='ltr'>ad</span> <span class='ocrx_word' id='word_1_69' title='bbox 717 1119 868 1198; x_wconf 84' lang='lat' dir='ltr'>Pergama</span> <span class='ocrx_word' id='word_1_70' title='bbox 879 1120 957 1181; x_wconf 90' lang='lat' dir='ltr'>belli</span> 
     </span>
     <span class='ocr_line' id='line_1_13' title="bbox 271 1202 926 1286; baseline -0.009 -17"><span class='ocrx_word' id='word_1_71' title='bbox 271 1208 415 1286; x_wconf 79' lang='lat' dir='ltr'>Europae</span> <span class='ocrx_word' id='word_1_72' title='bbox 427 1210 520 1282; x_wconf 86' lang='lat' dir='ltr'>atque</span> <span class='ocrx_word' id='word_1_73' title='bbox 531 1203 624 1278; x_wconf 81' lang='lat' dir='ltr'>Asiae</span> <span class='ocrx_word' id='word_1_74' title='bbox 636 1222 727 1262; x_wconf 88' lang='lat' dir='ltr'>causa</span> <span class='ocrx_word' id='word_1_75' title='bbox 737 1202 840 1283; x_wconf 91' lang='lat' dir='ltr'>puella</span> <span class='ocrx_word' id='word_1_76' title='bbox 850 1204 926 1264; x_wconf 86' lang='lat' dir='ltr'>fuit:</span> 
     </span>
     <span class='ocr_line' id='line_1_14' title="bbox 231 1286 981 1367; baseline -0.004 -17"><span class='ocrx_word' id='word_1_77' title='bbox 231 1292 329 1367; x_wconf 88' lang='lat' dir='ltr'>Nunc,</span> <span class='ocrx_word' id='word_1_78' title='bbox 340 1291 424 1365; x_wconf 82' lang='lat' dir='ltr'>Pari,</span> <span class='ocrx_word' id='word_1_79' title='bbox 434 1294 470 1346; x_wconf 86' lang='lat' dir='ltr'>tu</span> <span class='ocrx_word' id='word_1_80' title='bbox 481 1288 603 1366; x_wconf 86' lang='lat' dir='ltr'>sapiens</span> <span class='ocrx_word' id='word_1_81' title='bbox 615 1293 704 1364; x_wconf 84' lang='lat' dir='ltr'>etto,</span> <span class='ocrx_word' id='word_1_82' title='bbox 715 1286 872 1366; x_wconf 87' lang='lat' dir='ltr'>Menelae,</span> <span class='ocrx_word' id='word_1_83' title='bbox 882 1289 981 1366; x_wconf 83' lang='lat' dir='ltr'>fuisti,</span> 
     </span>
     <span class='ocr_line' id='line_1_15' title="bbox 253 1368 908 1451; baseline -0.002 -18"><span class='ocrx_word' id='word_1_84' title='bbox 253 1369 257 1378; x_wconf 82' lang='grc'><em>“</em></span> <span class='ocrx_word' id='word_1_85' title='bbox 273 1375 323 1433; x_wconf 82' lang='lat' dir='ltr'>Tu</span> <span class='ocrx_word' id='word_1_86' title='bbox 335 1374 406 1451; x_wconf 87' lang='lat' dir='ltr'>quia</span> <span class='ocrx_word' id='word_1_87' title='bbox 416 1368 576 1451; x_wconf 86' lang='lat' dir='ltr'>poscebas,</span> <span class='ocrx_word' id='word_1_88' title='bbox 587 1376 622 1430; x_wconf 89' lang='lat' dir='ltr'>tu</span> <span class='ocrx_word' id='word_1_89' title='bbox 634 1373 706 1449; x_wconf 84' lang='lat' dir='ltr'>quia</span> <span class='ocrx_word' id='word_1_90' title='bbox 715 1368 818 1430; x_wconf 89' lang='lat' dir='ltr'>lentus</span> <span class='ocrx_word' id='word_1_91' title='bbox 830 1390 908 1433; x_wconf 85' lang='lat' dir='ltr'>eras.</span> 
     </span>
     <span class='ocr_line' id='line_1_16' title="bbox 203 1453 1067 1535; baseline -0.001 -18"><span class='ocrx_word' id='word_1_92' title='bbox 203 1522 206 1527; x_wconf 60' lang='grc'><strong>,</strong></span> <span class='ocrx_word' id='word_1_93' title='bbox 230 1459 331 1535; x_wconf 82' lang='lat' dir='ltr'>Digna</span> <span class='ocrx_word' id='word_1_94' title='bbox 342 1454 467 1533; x_wconf 88' lang='lat' dir='ltr'>quidem</span> <span class='ocrx_word' id='word_1_95' title='bbox 477 1453 583 1531; x_wconf 85' lang='lat' dir='ltr'>facies,</span> <span class='ocrx_word' id='word_1_96' title='bbox 594 1474 652 1533; x_wconf 90' lang='lat' dir='ltr'>pro</span> <span class='ocrx_word' id='word_1_97' title='bbox 666 1474 725 1534; x_wconf 88' lang='lat' dir='ltr'>qua</span> <span class='ocrx_word' id='word_1_98' title='bbox 735 1454 786 1515; x_wconf 86' lang='lat' dir='ltr'>vel</span> <span class='ocrx_word' id='word_1_99' title='bbox 796 1457 900 1515; x_wconf 87' lang='lat' dir='ltr'>obiret</span> <span class='ocrx_word' id='word_1_100' title='bbox 910 1456 1067 1516; x_wconf 67' lang='lat' dir='ltr'>Achilleos</span> 
     </span>
     <span class='ocr_line' id='line_1_17' title="bbox 177 1537 908 1616; baseline -0.004 -14"><span class='ocrx_word' id='word_1_101' title='bbox 177 1551 213 1604; x_wconf 86' lang='lat'>40</span> <span class='ocrx_word' id='word_1_102' title='bbox 273 1539 335 1602; x_wconf 89' lang='lat' dir='ltr'>Vel</span> <span class='ocrx_word' id='word_1_103' title='bbox 347 1540 469 1598; x_wconf 83' lang='lat' dir='ltr'>Priamo</span> <span class='ocrx_word' id='word_1_104' title='bbox 480 1537 558 1596; x_wconf 91' lang='lat' dir='ltr'>belli</span> <span class='ocrx_word' id='word_1_105' title='bbox 570 1558 659 1597; x_wconf 83' lang='lat' dir='ltr'>causo</span> <span class='ocrx_word' id='word_1_106' title='bbox 669 1537 829 1616; x_wconf 87' lang='lat' dir='ltr'>probanda</span> <span class='ocrx_word' id='word_1_107' title='bbox 840 1540 908 1599; x_wconf 84' lang='lat' dir='ltr'>fuit.</span> 
     </span>
     <span class='ocr_line' id='line_1_18' title="bbox 231 1621 932 1703; baseline -0.003 -19"><span class='ocrx_word' id='word_1_108' title='bbox 231 1625 265 1684; x_wconf 90' lang='lat' dir='ltr'>Si</span> <span class='ocrx_word' id='word_1_109' title='bbox 277 1625 346 1703; x_wconf 89' lang='lat' dir='ltr'>quis</span> <span class='ocrx_word' id='word_1_110' title='bbox 356 1621 424 1683; x_wconf 82' lang='lat' dir='ltr'>vult</span> <span class='ocrx_word' id='word_1_111' title='bbox 433 1623 513 1682; x_wconf 88' lang='lat' dir='ltr'>fama</span> <span class='ocrx_word' id='word_1_112' title='bbox 524 1621 643 1681; x_wconf 89' lang='lat' dir='ltr'>tabulas</span> <span class='ocrx_word' id='word_1_113' title='bbox 655 1623 775 1682; x_wconf 81' lang='lat' dir='ltr'>anteire</span> <span class='ocrx_word' id='word_1_114' title='bbox 786 1628 932 1701; x_wconf 84' lang='lat' dir='ltr'>vetustas,</span> 
     </span>
     <span class='ocr_line' id='line_1_19' title="bbox 270 1704 1001 1784; baseline -0.001 -17"><span class='ocrx_word' id='word_1_115' title='bbox 270 1709 332 1767; x_wconf 91' lang='lat' dir='ltr'>Hic</span> <span class='ocrx_word' id='word_1_116' title='bbox 345 1706 499 1766; x_wconf 86' lang='lat' dir='ltr'>dominam</span> <span class='ocrx_word' id='word_1_117' title='bbox 510 1704 652 1784; x_wconf 84' lang='lat' dir='ltr'>exemplo</span> <span class='ocrx_word' id='word_1_118' title='bbox 663 1711 759 1784; x_wconf 83' lang='lat' dir='ltr'>ponat</span> <span class='ocrx_word' id='word_1_119' title='bbox 769 1709 803 1766; x_wconf 89' lang='lat' dir='ltr'>in</span> <span class='ocrx_word' id='word_1_120' title='bbox 815 1714 882 1766; x_wconf 87' lang='lat' dir='ltr'>arte</span> <span class='ocrx_word' id='word_1_121' title='bbox 893 1726 1001 1766; x_wconf 84' lang='lat' dir='ltr'>meam.</span> 
     </span>
     <span class='ocr_line' id='line_1_20' title="bbox 232 1787 1013 1870; baseline 0 -20"><span class='ocrx_word' id='word_1_122' title='bbox 232 1791 303 1851; x_wconf 89' lang='lat' dir='ltr'>Sive</span> <span class='ocrx_word' id='word_1_123' title='bbox 313 1790 400 1865; x_wconf 86' lang='lat' dir='ltr'>illam</span> <span class='ocrx_word' id='word_1_124' title='bbox 410 1790 585 1870; x_wconf 77' lang='lat' dir='ltr'>Hesperiis,</span> <span class='ocrx_word' id='word_1_125' title='bbox 598 1791 663 1869; x_wconf 70' lang='lat' dir='ltr'>sivje</span> <span class='ocrx_word' id='word_1_126' title='bbox 673 1787 916 1851; x_wconf 81' lang='lat' dir='ltr'>illamostendet</span> <span class='ocrx_word' id='word_1_127' title='bbox 925 1790 1013 1868; x_wconf 81' lang='lat' dir='ltr'>Eois,</span> 
     </span>
     <span class='ocr_line' id='line_1_21' title="bbox 271 1872 820 1952; baseline 0 -17"><span class='ocrx_word' id='word_1_128' title='bbox 271 1876 352 1936; x_wconf 84' lang='lat' dir='ltr'>Uret</span> <span class='ocrx_word' id='word_1_129' title='bbox 363 1880 396 1934; x_wconf 90' lang='lat' dir='ltr'>et</span> <span class='ocrx_word' id='word_1_130' title='bbox 405 1874 499 1951; x_wconf 82' lang='lat' dir='ltr'>Eoos,</span> <span class='ocrx_word' id='word_1_131' title='bbox 511 1878 582 1931; x_wconf 83' lang='lat' dir='ltr'>uret</span> <span class='ocrx_word' id='word_1_132' title='bbox 593 1878 627 1931; x_wconf 88' lang='lat' dir='ltr'>et</span> <span class='ocrx_word' id='word_1_133' title='bbox 638 1872 820 1952; x_wconf 81' lang='lat' dir='ltr'>Hesperios.</span> 
     </span>
    </p>
   </div>
   <div class='ocr_carea' id='block_1_4' title="bbox 176 2007 1108 3536">
    <p class='ocr_par' dir='ltr' id='par_1_4' title="bbox 176 2007 1108 3536">
     <span class='ocr_line' id='line_1_22' title="bbox 187 2007 1105 2121; baseline 0.004 -23"><span class='ocrx_word' id='word_1_134' title='bbox 187 2007 215 2098; x_wconf 75' lang='grc'>4</span> <span class='ocrx_word' id='word_1_135' title='bbox 231 2008 291 2101; x_wconf 88' lang='lat' dir='ltr'>llis</span> <span class='ocrx_word' id='word_1_136' title='bbox 302 2039 413 2100; x_wconf 88' lang='lat' dir='ltr'>saltem</span> <span class='ocrx_word' id='word_1_137' title='bbox 423 2047 458 2099; x_wconf 87' lang='lat' dir='ltr'>ut</span> <span class='ocrx_word' id='word_1_138' title='bbox 468 2046 578 2099; x_wconf 80' lang='lat' dir='ltr'>tenear</span> <span class='ocrx_word' id='word_1_139' title='bbox 588 2041 782 2100; x_wconf 87' lang='lat' dir='ltr'>iamfluibus!</span> <span class='ocrx_word' id='word_1_140' title='bbox 795 2042 931 2101; x_wconf 89' lang='lat' dir='ltr'>heimihi</span> <span class='ocrx_word' id='word_1_141' title='bbox 943 2041 1060 2121; x_wconf 89' lang='lat' dir='ltr'>siquis,</span> <span class='ocrx_word' id='word_1_142' title='bbox 1071 2048 1105 2102; x_wconf 78' lang='lat'>45</span> 
     </span>
     <span class='ocr_line' id='line_1_23' title="bbox 271 2124 899 2201; baseline 0 -17"><span class='ocrx_word' id='word_1_143' title='bbox 271 2124 383 2184; x_wconf 81' lang='lat' dir='ltr'>Acrius</span> <span class='ocrx_word' id='word_1_144' title='bbox 393 2128 429 2183; x_wconf 82' lang='lat' dir='ltr'>ui</span> <span class='ocrx_word' id='word_1_145' title='bbox 438 2124 563 2201; x_wconf 84' lang='lat' dir='ltr'>moriar,</span> <span class='ocrx_word' id='word_1_146' title='bbox 574 2125 697 2183; x_wconf 85' lang='lat' dir='ltr'>venerit</span> <span class='ocrx_word' id='word_1_147' title='bbox 708 2124 788 2184; x_wconf 85' lang='lat' dir='ltr'>alter</span> <span class='ocrx_word' id='word_1_148' title='bbox 800 2127 899 2184; x_wconf 91' lang='lat' dir='ltr'>amor!</span> 
     </span>
     <span class='ocr_line' id='line_1_24' title="bbox 229 2205 900 2287; baseline -0.001 -20"><span class='ocrx_word' id='word_1_149' title='bbox 229 2208 276 2267; x_wconf 81' lang='lat' dir='ltr'>Ao</span> <span class='ocrx_word' id='word_1_150' title='bbox 286 2205 383 2266; x_wconf 82' lang='lat' dir='ltr'>veluti</span> <span class='ocrx_word' id='word_1_151' title='bbox 392 2209 493 2287; x_wconf 92' lang='lat' dir='ltr'>primo</span> <span class='ocrx_word' id='word_1_152' title='bbox 504 2212 610 2266; x_wconf 82' lang='lat' dir='ltr'>taurus</span> <span class='ocrx_word' id='word_1_153' title='bbox 623 2207 778 2267; x_wconf 82' lang='lat' dir='ltr'>detrectat</span> <span class='ocrx_word' id='word_1_154' title='bbox 789 2214 900 2283; x_wconf 82' lang='lat' dir='ltr'>aratra,</span> 
     </span>
     <span class='ocr_line' id='line_1_25' title="bbox 270 2289 916 2368; baseline -0.002 -19"><span class='ocrx_word' id='word_1_155' title='bbox 270 2290 346 2350; x_wconf 81' lang='lat' dir='ltr'>Post</span> <span class='ocrx_word' id='word_1_156' title='bbox 356 2292 442 2351; x_wconf 81' lang='lat' dir='ltr'>venit</span> <span class='ocrx_word' id='word_1_157' title='bbox 453 2297 574 2351; x_wconf 87' lang='lat' dir='ltr'>assueto</span> <span class='ocrx_word' id='word_1_158' title='bbox 586 2289 691 2351; x_wconf 91' lang='lat' dir='ltr'>mollis</span> <span class='ocrx_word' id='word_1_159' title='bbox 703 2289 742 2351; x_wconf 78' lang='lat' dir='ltr'>od</span> <span class='ocrx_word' id='word_1_160' title='bbox 752 2311 823 2350; x_wconf 87' lang='lat' dir='ltr'>arvo</span> <span class='ocrx_word' id='word_1_161' title='bbox 834 2292 916 2368; x_wconf 80' lang='lat' dir='ltr'>iugo,</span> 
     </span>
     <span class='ocr_line' id='line_1_26' title="bbox 192 2373 1010 2455; baseline -0.001 -22"><span class='ocrx_word' id='word_1_162' title='bbox 192 2381 208 2433; x_wconf 84' lang='lat'><strong>5</strong></span> <span class='ocrx_word' id='word_1_163' title='bbox 231 2373 283 2434; x_wconf 89' lang='lat' dir='ltr'>Sic</span> <span class='ocrx_word' id='word_1_164' title='bbox 294 2376 394 2455; x_wconf 93' lang='lat' dir='ltr'>primo</span> <span class='ocrx_word' id='word_1_165' title='bbox 405 2376 532 2435; x_wconf 88' lang='lat' dir='ltr'>iuvenes</span> <span class='ocrx_word' id='word_1_166' title='bbox 543 2376 861 2455; x_wconf 75' lang='lat' dir='ltr'>trepidantiuamore</span> <span class='ocrx_word' id='word_1_167' title='bbox 872 2375 1010 2452; x_wconf 81' lang='lat' dir='ltr'>feroces,</span> 
     </span>
     <span class='ocr_line' id='line_1_27' title="bbox 269 2457 1108 2539; baseline 0 -22"><span class='ocrx_word' id='word_1_168' title='bbox 269 2458 390 2518; x_wconf 87' lang='lat' dir='ltr'>Dehinc</span> <span class='ocrx_word' id='word_1_169' title='bbox 402 2457 509 2518; x_wconf 85' lang='lat' dir='ltr'>domiti</span> <span class='ocrx_word' id='word_1_170' title='bbox 520 2461 676 2539; x_wconf 77' lang='lat' dir='ltr'>posthaec</span> <span class='ocrx_word' id='word_1_171' title='bbox 684 2478 781 2538; x_wconf 84' lang='lat' dir='ltr'>aequa</span> <span class='ocrx_word' id='word_1_172' title='bbox 789 2458 1060 2537; x_wconf 84' lang='lat' dir='ltr'>etiniquaferunt.</span> <span class='ocrx_word' id='word_1_173' title='bbox 1073 2466 1108 2517; x_wconf 82' lang='lat'>50</span> 
     </span>
     <span class='ocr_line' id='line_1_28' title="bbox 231 2541 993 2621; baseline 0 -21"><span class='ocrx_word' id='word_1_174' title='bbox 231 2541 349 2620; x_wconf 75' lang='lat' dir='ltr'>&#39;l&#39;urpia</span> <span class='ocrx_word' id='word_1_175' title='bbox 359 2560 526 2621; x_wconf 89' lang='lat' dir='ltr'>perpessus</span> <span class='ocrx_word' id='word_1_176' title='bbox 536 2550 623 2603; x_wconf 86' lang='lat' dir='ltr'>vates</span> <span class='ocrx_word' id='word_1_177' title='bbox 634 2548 684 2602; x_wconf 83' lang='lat' dir='ltr'>est</span> <span class='ocrx_word' id='word_1_178' title='bbox 693 2542 795 2603; x_wconf 80' lang='lat' dir='ltr'>vincla</span> <span class='ocrx_word' id='word_1_179' title='bbox 804 2541 993 2620; x_wconf 80' lang='lat' dir='ltr'>Melampus,</span> 
     </span>
     <span class='ocr_line' id='line_1_29' title="bbox 272 2624 871 2706; baseline 0 -22"><span class='ocrx_word' id='word_1_180' title='bbox 272 2625 421 2702; x_wconf 79' lang='lat' dir='ltr'>Cognitus</span> <span class='ocrx_word' id='word_1_181' title='bbox 432 2624 544 2706; x_wconf 91' lang='lat' dir='ltr'>Iphicli</span> <span class='ocrx_word' id='word_1_182' title='bbox 555 2627 746 2706; x_wconf 81' lang='lat' dir='ltr'>subripuisse</span> <span class='ocrx_word' id='word_1_183' title='bbox 758 2629 871 2700; x_wconf 79' lang='lat' dir='ltr'>boves3</span> 
     </span>
     <span class='ocr_line' id='line_1_30' title="bbox 230 2707 981 2788; baseline 0.003 -22"><span class='ocrx_word' id='word_1_184' title='bbox 230 2707 328 2783; x_wconf 78' lang='lat' dir='ltr'>Quem</span> <span class='ocrx_word' id='word_1_185' title='bbox 340 2727 402 2768; x_wconf 90' lang='lat' dir='ltr'>non</span> <span class='ocrx_word' id='word_1_186' title='bbox 412 2708 509 2788; x_wconf 87' lang='lat' dir='ltr'>lucra,</span> <span class='ocrx_word' id='word_1_187' title='bbox 521 2711 616 2788; x_wconf 80' lang='lat' dir='ltr'>magis</span> <span class='ocrx_word' id='word_1_188' title='bbox 627 2711 709 2769; x_wconf 91' lang='lat' dir='ltr'>Pero</span> <span class='ocrx_word' id='word_1_189' title='bbox 721 2710 856 2770; x_wconf 85' lang='lat' dir='ltr'>formosa</span> <span class='ocrx_word' id='word_1_190' title='bbox 868 2709 981 2786; x_wconf 83' lang='lat' dir='ltr'>coegit,</span> 
     </span>
     <span class='ocr_line' id='line_1_31' title="bbox 177 2792 898 2872; baseline 0.003 -22"><span class='ocrx_word' id='word_1_191' title='bbox 177 2800 211 2850; x_wconf 87' lang='grc'>10</span> <span class='ocrx_word' id='word_1_192' title='bbox 272 2792 348 2852; x_wconf 81' lang='lat' dir='ltr'>Mox</span> <span class='ocrx_word' id='word_1_193' title='bbox 359 2793 563 2872; x_wconf 82' lang='lat' dir='ltr'>Amythaonia</span> <span class='ocrx_word' id='word_1_194' title='bbox 574 2797 670 2872; x_wconf 85' lang='lat' dir='ltr'>nupta</span> <span class='ocrx_word' id='word_1_195' title='bbox 680 2794 785 2852; x_wconf 82' lang='lat' dir='ltr'>futura</span> <span class='ocrx_word' id='word_1_196' title='bbox 798 2793 898 2852; x_wconf 85' lang='lat' dir='ltr'>domo.</span> 
     </span>
     <span class='ocr_line' id='line_1_32' title="bbox 229 2856 1103 2954; baseline 0.001 -21"><span class='ocrx_word' id='word_1_197' title='bbox 229 2872 331 2934; x_wconf 87' lang='lat' dir='ltr'>Multa</span> <span class='ocrx_word' id='word_1_198' title='bbox 341 2877 428 2954; x_wconf 88' lang='lat' dir='ltr'>prius</span> <span class='ocrx_word' id='word_1_199' title='bbox 440 2876 581 2935; x_wconf 88' lang='lat' dir='ltr'>dominae</span> <span class='ocrx_word' id='word_1_200' title='bbox 593 2874 709 2932; x_wconf 87' lang='lat' dir='ltr'>delicta</span> <span class='ocrx_word' id='word_1_201' title='bbox 720 2876 862 2950; x_wconf 80' lang='lat' dir='ltr'>queraris</span> <span class='ocrx_word' id='word_1_202' title='bbox 875 2881 1013 2953; x_wconf 81' lang='lat' dir='ltr'>oportet,</span> <span class='ocrx_word' id='word_1_203' title='bbox 1078 2856 1103 2946; x_wconf 76' lang='grc'><strong>4</strong></span> 
     </span>
     <span class='ocr_line' id='line_1_33' title="bbox 271 2954 951 3038; baseline -0.003 -20"><span class='ocrx_word' id='word_1_204' title='bbox 271 2957 371 3038; x_wconf 86' lang='lat' dir='ltr'>Saepe</span> <span class='ocrx_word' id='word_1_205' title='bbox 383 2977 475 3035; x_wconf 83' lang='lat' dir='ltr'>roges</span> <span class='ocrx_word' id='word_1_206' title='bbox 487 2954 614 3032; x_wconf 83' lang='lat' dir='ltr'>aliquid,</span> <span class='ocrx_word' id='word_1_207' title='bbox 627 2971 720 3033; x_wconf 87' lang='lat' dir='ltr'>saepe</span> <span class='ocrx_word' id='word_1_208' title='bbox 731 2954 874 3033; x_wconf 87' lang='lat' dir='ltr'>repulsus</span> <span class='ocrx_word' id='word_1_209' title='bbox 888 2974 951 3035; x_wconf 84' lang='lat' dir='ltr'>eos,</span> 
     </span>
     <span class='ocr_line' id='line_1_34' title="bbox 228 3037 1041 3120; baseline 0 -19"><span class='ocrx_word' id='word_1_210' title='bbox 228 3041 270 3101; x_wconf 86' lang='lat' dir='ltr'>Et</span> <span class='ocrx_word' id='word_1_211' title='bbox 281 3060 374 3120; x_wconf 78' lang='lat' dir='ltr'>saepe</span> <span class='ocrx_word' id='word_1_212' title='bbox 389 3041 551 3098; x_wconf 86' lang='lat' dir='ltr'>inmeritos</span> <span class='ocrx_word' id='word_1_213' title='bbox 563 3055 741 3117; x_wconf 87' lang='lat' dir='ltr'>corrumpas</span> <span class='ocrx_word' id='word_1_214' title='bbox 754 3037 898 3099; x_wconf 86' lang='lat' dir='ltr'>dentibus</span> <span class='ocrx_word' id='word_1_215' title='bbox 909 3060 1041 3120; x_wconf 87' lang='lat' dir='ltr'>ungues,</span> 
     </span>
     <span class='ocr_line' id='line_1_35' title="bbox 269 3118 881 3203; baseline 0.002 -20"><span class='ocrx_word' id='word_1_216' title='bbox 269 3125 312 3183; x_wconf 82' lang='lat' dir='ltr'>Et</span> <span class='ocrx_word' id='word_1_217' title='bbox 323 3124 476 3200; x_wconf 81' lang='lat' dir='ltr'>crepitum</span> <span class='ocrx_word' id='word_1_218' title='bbox 487 3118 580 3178; x_wconf 89' lang='lat' dir='ltr'>dubio</span> <span class='ocrx_word' id='word_1_219' title='bbox 592 3123 721 3182; x_wconf 83' lang='lat' dir='ltr'>suscitet</span> <span class='ocrx_word' id='word_1_220' title='bbox 732 3124 779 3183; x_wconf 88' lang='lat' dir='ltr'>ira</span> <span class='ocrx_word' id='word_1_221' title='bbox 789 3123 881 3203; x_wconf 89' lang='lat' dir='ltr'>pede.</span> 
     </span>
     <span class='ocr_line' id='line_1_36' title="bbox 176 3204 1097 3286; baseline -0.002 -20"><span class='ocrx_word' id='word_1_222' title='bbox 176 3215 210 3266; x_wconf 78' lang='lat'>15</span> <span class='ocrx_word' id='word_1_223' title='bbox 230 3206 424 3282; x_wconf 88' lang='lat' dir='ltr'>Nequiquam</span> <span class='ocrx_word' id='word_1_224' title='bbox 434 3204 561 3283; x_wconf 86' lang='lat' dir='ltr'>perfusa</span> <span class='ocrx_word' id='word_1_225' title='bbox 571 3206 649 3281; x_wconf 85' lang='lat' dir='ltr'>meis</span> <span class='ocrx_word' id='word_1_226' title='bbox 660 3214 818 3286; x_wconf 80' lang='lat' dir='ltr'>unguenta</span> <span class='ocrx_word' id='word_1_227' title='bbox 830 3205 962 3286; x_wconf 82' lang='lat' dir='ltr'>cupillis,</span> <span class='ocrx_word' id='word_1_228' title='bbox 1085 3212 1097 3264; x_wconf 82' lang='lat'><strong>5</strong></span> 
     </span>
     <span class='ocr_line' id='line_1_37' title="bbox 274 3288 895 3370; baseline 0.011 -26"><span class='ocrx_word' id='word_1_229' title='bbox 274 3288 342 3346; x_wconf 87' lang='lat' dir='ltr'>lbat</span> <span class='ocrx_word' id='word_1_230' title='bbox 353 3292 385 3344; x_wconf 89' lang='lat' dir='ltr'>et</span> <span class='ocrx_word' id='word_1_231' title='bbox 399 3304 533 3366; x_wconf 83' lang='lat' dir='ltr'>expenso</span> <span class='ocrx_word' id='word_1_232' title='bbox 545 3288 649 3367; x_wconf 85' lang='lat' dir='ltr'>planta</span> <span class='ocrx_word' id='word_1_233' title='bbox 659 3298 778 3352; x_wconf 86' lang='lat' dir='ltr'>morata</span> <span class='ocrx_word' id='word_1_234' title='bbox 789 3289 895 3370; x_wconf 79' lang='lat' dir='ltr'>gradu.</span> 
     </span>
     <span class='ocr_line' id='line_1_38' title="bbox 228 3369 1025 3454; baseline 0.009 -26"><span class='ocrx_word' id='word_1_235' title='bbox 228 3369 298 3429; x_wconf 90' lang='lat' dir='ltr'>Non</span> <span class='ocrx_word' id='word_1_236' title='bbox 310 3370 361 3429; x_wconf 89' lang='lat' dir='ltr'>hic</span> <span class='ocrx_word' id='word_1_237' title='bbox 373 3371 471 3431; x_wconf 88' lang='lat' dir='ltr'>herba</span> <span class='ocrx_word' id='word_1_238' title='bbox 483 3372 574 3451; x_wconf 72' lang='lat' dir='ltr'>valet,</span> <span class='ocrx_word' id='word_1_239' title='bbox 586 3393 648 3433; x_wconf 88' lang='lat' dir='ltr'>non</span> <span class='ocrx_word' id='word_1_240' title='bbox 659 3376 710 3436; x_wconf 88' lang='lat' dir='ltr'>hic</span> <span class='ocrx_word' id='word_1_241' title='bbox 721 3381 873 3434; x_wconf 87' lang='lat' dir='ltr'>nocturna</span> <span class='ocrx_word' id='word_1_242' title='bbox 885 3375 1025 3454; x_wconf 83' lang='lat' dir='ltr'>Cytaeis,</span> 
     </span>
     <span class='ocr_line' id='line_1_39' title="bbox 270 3454 933 3536; baseline 0.006 -23"><span class='ocrx_word' id='word_1_243' title='bbox 270 3454 338 3514; x_wconf 91' lang='lat' dir='ltr'>Non</span> <span class='ocrx_word' id='word_1_244' title='bbox 350 3456 553 3517; x_wconf 85' lang='lat' dir='ltr'>Perimedeae</span> <span class='ocrx_word' id='word_1_245' title='bbox 563 3460 699 3536; x_wconf 79' lang='lat' dir='ltr'>gramina</span> <span class='ocrx_word' id='word_1_246' title='bbox 710 3465 799 3519; x_wconf 88' lang='lat' dir='ltr'>cocta</span> <span class='ocrx_word' id='word_1_247' title='bbox 809 3477 933 3532; x_wconf 87' lang='lat' dir='ltr'>mauus;</span> 
     </span>
    </p>
   </div>
   <div class='ocr_carea' id='block_1_5' title="bbox 0 0 1114 3846">
    <p class='ocr_par' dir='ltr' id='par_1_5' title="bbox 0 0 1114 3846">
     <span class='ocr_line' id='line_1_40' title="bbox 0 0 1114 3846; baseline 0 0"><span class='ocrx_word' id='word_1_248' title='bbox 0 0 1114 3846; x_wconf 95' lang='lat' dir='ltr'> </span> 
     </span>
    </p>
   </div>
  </div>
 </body>
</html>
