2220 3846
290 191 483 254 LIBER
523 191 692 272 1V,9,1o.
776 253 779 257 .
929 197 970 264 71

138 361 265 422 Moenia
277 366 310 419 et
321 357 460 420 addictos
470 360 503 418 in
513 378 568 420 aua
577 378 675 439 regna
682 362 810 440 patrea?

96 444 195 505 Noxia
205 441 404 520 Alexandria,
416 440 496 503 dolia
510 445 668 523 aptissima
679 442 784 521 tellus,

139 527 181 588 Et
191 529 307 587 totiena
317 531 424 586 nostro
435 526 577 607 Memphi
588 531 716 586 cruenta
726 526 815 605 malo,

46 619 78 674 35
101 610 185 671 Trea
193 611 247 671 ubi
256 610 404 690 Pompeio
417 607 552 669 detraxit
562 611 679 670 harena
688 612 876 691 triumphos!

138 691 247 753 Tollet
259 691 345 752 nulla
356 692 423 752 dier
435 693 516 751 hane
525 694 594 770 tibi,
604 693 711 772 Roma,
722 699 835 756 notam.

95 776 197 838 lacent
205 775 380 853 Phlegraeo
392 773 503 835 melius
514 776 572 835 tibi
583 776 694 836 funera
705 796 822 857 campo,

80 911 83 915 .
136 859 199 921 Vel
208 866 260 919 tua
271 860 299 919 ai
310 877 419 918 socero
432 857 513 920 colla
522 856 649 920 daturus
661 879 740 923 eras.

96 940 226 1003 Scilicet
236 943 349 1002 incerti
359 944 626 1021 meretrixregina
637 944 755 1025 canopi
826 976 829 980 .

46 1032 78 1089 lo
139 1019 231 1109 (Una
240 1023 406 1107 Philippeo
418 1027 566 1104 ranguine
579 1027 686 1087 adusta
696 1021 791 1112 nota]

96 1109 179 1168 Ausa
188 1109 252 1169 lovi
262 1115 369 1170 nortro
380 1108 548 1170 latrantem
559 1127 718 1189 opponere
730 1111 874 1189 Anubim,

135 1192 178 1252 Et
188 1192 330 1253 Tiberim
341 1191 406 1251 Nili
419 1210 533 1270 cogere
543 1193 630 1252 ferre
642 1194 750 1271 minas,

94 1273 322 1354 Romanamque
333 1277 439 1334 tubam
450 1276 616 1355 crepitanti
626 1273 750 1355 pellere
761 1276 865 1355 sistro,

134 1356 264 1418 Baridoa
278 1364 311 1419 et
323 1360 422 1419 contis
433 1364 536 1418 rostra
548 1358 685 1419 Liburna
695 1361 794 1439 sequi,

46 1443 75 1500 45
95 1439 263 1521 Foedaque
275 1443 410 1523 Tarpeio
423 1444 553 1524 conopia
563 1440 696 1503 tendere
707 1461 790 1520 saxo,

134 1525 204 1584 lura
215 1524 290 1586 dare
301 1532 335 1586 et
347 1532 462 1586 statuas
472 1529 556 1588 inter
568 1533 601 1586 et
612 1547 695 1586 arma
705 1527 811 1586 Mari*

94 1606 178 1681 Quid
186 1625 268 1666 nunc
279 1608 443 1686 Tarquinii
453 1609 568 1669 fractas
579 1611 662 1668 iuvat
672 1627 742 1666 ease
753 1626 890 1686 accures,

135 1687 265 1748 Nomine
278 1707 370 1766 quem
383 1689 477 1749 simili
487 1692 549 1749 vita
559 1689 693 1769 superba
702 1691 801 1766 notat,

93 1769 128 1830 Si
140 1769 252 1831 mulier
261 1770 408 1852 patienda
419 1772 500 1832 fuit?
522 1791 608 1853 cape,
618 1770 724 1851 Roma,
735 1773 933 1853 triumphum,

46 1860 75 1916 ⁵0
133 1855 176 1915 Et
185 1853 309 1934 longum
320 1857 459 1933 Augusto
472 1854 555 1916 salva
565 1874 696 1937 precare
709 1856 801 1917 diem.

91 1937 213 2016 Fugiatl
224 1944 328 2000 tamen
338 1941 372 2000 in
382 1939 483 2018 timidi
493 1941 703 2018 vagaflumina
712 1937 793 1998 Nili:

136 2022 298 2102 Accepere
309 2030 381 2083 tuae
391 2022 522 2084 Romula
531 2021 631 2083 vincla
642 2041 758 2085 manus.

91 2104 224 2165 Brachia
235 2108 372 2186 spectavi
383 2107 480 2166 sacris
492 2105 634 2166 admorsa
644 2104 791 2183 colubris,

133 2189 175 2248 Et
185 2190 312 2251 trahere
327 2188 481 2250 occultum
491 2191 629 2250 membra
639 2190 760 2269 sopori
767 2190 843 2250 iter.

46 2276 76 2331 55
97 2269 178 2331 ‘Non
189 2272 262 2348 hoc,
272 2272 380 2348 Roma,
391 2273 438 2331 fui
448 2278 534 2331 tanto
545 2273 605 2331 tibi
616 2273 682 2331 cive
693 2271 853 2350 verenda',

137 2353 232 2430 Dixit,
243 2357 288 2412 ‘et
300 2352 422 2412 assiduo
431 2351 536 2431 lingua
547 2350 670 2432 sepulta
680 2358 789 2413 mero!

93 2435 222 2515 Septem
231 2436 306 2496 urba
318 2435 381 2496 alta
390 2437 481 2515 iugis,
492 2441 558 2496 toto
572 2454 649 2515 quae
660 2434 820 2515 praesidet
831 2436 909 2514 orbi,
990 2495 996 2507 ‚
1065 2479 1069 2488 .

132 2519 296 2580 Femineae
310 2521 413 2580 timuit
423 2521 535 2580 territa
545 2520 650 2580 Marte
660 2520 767 2580 minas.

91 2602 275 2664 Hannibalis
286 2602 386 2684 spolia
396 2610 429 2664 et
439 2603 513 2663 victi
523 2604 710 2663 monimenta
721 2602 870 2682 Syphacis

46 2692 74 2747 io
134 2686 177 2746 Et
187 2686 302 2765 Pyrrhi
313 2685 351 2744 ad
364 2693 487 2746 noatroa
499 2684 598 2763 gloria
608 2687 707 2746 fracta
716 2684 825 2765 pedes,

93 2769 220 2830 Gurtiua
232 2766 366 2848 expletio
377 2770 485 2829 statuit
495 2769 682 2828 monimenta
691 2767 821 2847 lacunis,

134 2852 177 2911 At
190 2853 304 2913 Decius
315 2854 408 2913 misso
419 2851 540 2932 proelia
550 2853 635 2930 rupit
645 2869 750 2931 equo,

93 2933 224 2996 coclitis
236 2938 388 2998 abscissos
397 2942 531 2996 tentatur
542 2936 651 2995 semita
661 2941 784 3016 pontes,

133 3018 192 3080 Eat
203 3021 253 3079 cui
263 3039 433 3098 cognomen
445 3039 554 3079 corvus
564 3020 681 3083 habere
693 3017 789 3095 dedit.

46 3107 74 3162 55
93 3101 181 3164 llaec
199 3101 232 3161 di
250 3101 469 3181 condiderant,
486 3104 563 3163 haec
582 3101 614 3161 di
632 3118 754 3180 quoque
765 3100 964 3158 mocniaaer-

572 3189 659 3243 rant:

132 3268 194 3330 Vix
203 3269 311 3328 timeat
321 3264 405 3327 calvo
414 3269 550 3328 ¹(haerare
561 3265 657 3326 Roma
668 3264 780 3330 lovem.

92 3350 183 3412 Nunc
192 3352 246 3411 ubi
257 3349 419 3430 Scipiadae
431 3349 557 3429 classes,
567 3351 621 3408 ubi
632 3343 719 3428 signa
732 3345 864 3423 camilli,

135 3433 199 3495 Aut
209 3433 299 3494 modo
310 3433 459 3514 Pompeia
467 3433 606 3513 Boaporc
618 3438 707 3512 capta
717 3429 830 3491 manui
