<?xml version="1.0" encoding="UTF-8"?>
<!DOCTYPE html PUBLIC "-//W3C//DTD XHTML 1.0 Transitional//EN"
    "http://www.w3.org/TR/xhtml1/DTD/xhtml1-transitional.dtd">
<html xmlns="http://www.w3.org/1999/xhtml" xml:lang="en" lang="en">
 <head>
  <title>
</title>
<meta http-equiv="Content-Type" content="text/html;charset=utf-8" />
  <meta name='ocr-system' content='tesseract 3.04.00' />
  <meta name='ocr-capabilities' content='ocr_page ocr_carea ocr_par ocr_line ocrx_word'/>
</head>
<body>
  <div class='ocr_page' id='page_1' title='image "./elegiae00propgoog_0019.png"; bbox 0 0 2220 3846; ppageno 0'>
   <div class='ocr_carea' id='block_1_1' title="bbox 393 228 757 290">
    <p class='ocr_par' dir='ltr' id='par_1_1' title="bbox 393 228 757 290">
     <span class='ocr_line' id='line_1_1' title="bbox 393 228 757 290; baseline 0 0"><span class='ocrx_word' id='word_1_1' title='bbox 393 228 757 290; x_wconf 81' lang='lat' dir='ltr'>PROPERTII</span> 
     </span>
    </p>
   </div>
   <div class='ocr_carea' id='block_1_2' title="bbox 179 393 848 475">
    <p class='ocr_par' dir='ltr' id='par_1_2' title="bbox 179 393 848 475">
     <span class='ocr_line' id='line_1_2' title="bbox 179 393 848 475; baseline -0.003 -17"><span class='ocrx_word' id='word_1_2' title='bbox 179 399 245 458; x_wconf 86' lang='lat' dir='ltr'><strong>Nec</strong></span> <span class='ocrx_word' id='word_1_3' title='bbox 256 397 314 457; x_wconf 90' lang='lat' dir='ltr'><strong>tibi</strong></span> <span class='ocrx_word' id='word_1_4' title='bbox 327 397 493 475; x_wconf 84' lang='lat' dir='ltr'><strong>Tyrrhena</strong></span> <span class='ocrx_word' id='word_1_5' title='bbox 504 393 639 455; x_wconf 86' lang='lat' dir='ltr'><strong>solvatur</strong></span> <span class='ocrx_word' id='word_1_6' title='bbox 649 396 732 455; x_wconf 91' lang='lat' dir='ltr'><strong>funis</strong></span> <span class='ocrx_word' id='word_1_7' title='bbox 745 416 848 475; x_wconf 83' lang='lat' dir='ltr'><strong>arena,</strong></span> 
     </span>
    </p>
   </div>
   <div class='ocr_carea' id='block_1_3' title="bbox 115 476 1013 3397">
    <p class='ocr_par' dir='ltr' id='par_1_3' title="bbox 115 476 1013 3397">
     <span class='ocr_line' id='line_1_3' title="bbox 219 476 866 559; baseline -0.005 -17"><span class='ocrx_word' id='word_1_8' title='bbox 219 480 305 543; x_wconf 81' lang='lat' dir='ltr'>Neve</span> <span class='ocrx_word' id='word_1_9' title='bbox 315 481 439 540; x_wconf 81' lang='lat' dir='ltr'><strong>inimica</strong></span> <span class='ocrx_word' id='word_1_10' title='bbox 448 497 531 538; x_wconf 83' lang='lat' dir='ltr'><strong>meas</strong></span> <span class='ocrx_word' id='word_1_11' title='bbox 544 476 648 538; x_wconf 80' lang='lat' dir='ltr'><strong>elevet</strong></span> <span class='ocrx_word' id='word_1_12' title='bbox 659 498 732 538; x_wconf 86' lang='lat' dir='ltr'><strong>aura</strong></span> <span class='ocrx_word' id='word_1_13' title='bbox 743 498 866 559; x_wconf 77' lang='lat' dir='ltr'>preces,</span> 
     </span>
     <span class='ocr_line' id='line_1_4' title="bbox 179 561 955 647; baseline 0.003 -23"><span class='ocrx_word' id='word_1_14' title='bbox 179 566 283 643; x_wconf 83' lang='lat' dir='ltr'><strong>Atque</strong></span> <span class='ocrx_word' id='word_1_15' title='bbox 296 583 353 643; x_wconf 81' lang='lat' dir='ltr'><strong>ego</strong></span> <span class='ocrx_word' id='word_1_16' title='bbox 365 583 428 623; x_wconf 90' lang='lat' dir='ltr'><strong>ncn</strong></span> <span class='ocrx_word' id='word_1_17' title='bbox 438 562 563 623; x_wconf 80' lang='lat' dir='ltr'><strong>videam·</strong></span> <span class='ocrx_word' id='word_1_18' title='bbox 570 561 649 622; x_wconf 85' lang='lat' dir='ltr'><strong>tales</strong></span> <span class='ocrx_word' id='word_1_19' title='bbox 660 562 824 624; x_wconf 77' lang='lat' dir='ltr'><strong>subsidere</strong></span> <span class='ocrx_word' id='word_1_20' title='bbox 835 571 955 647; x_wconf 82' lang='lat' dir='ltr'><strong>ventus,</strong></span> 
     </span>
     <span class='ocr_line' id='line_1_5' title="bbox 115 645 871 735; baseline -0.003 -26"><span class='ocrx_word' id='word_1_21' title='bbox 115 715 122 735; x_wconf 35' lang='lat' dir='ltr'>a</span> <span class='ocrx_word' id='word_1_22' title='bbox 212 649 298 709; x_wconf 69' lang='lat' dir='ltr'><strong>(ium</strong></span> <span class='ocrx_word' id='word_1_23' title='bbox 308 645 871 727; x_wconf 81' lang='lat' dir='ltr'><strong>tibiprcrectusauferetundarates,</strong></span> 
     </span>
     <span class='ocr_line' id='line_1_6' title="bbox 127 731 784 809; baseline -0.009 -14"><span class='ocrx_word' id='word_1_24' title='bbox 127 741 158 795; x_wconf 81' lang='lat'><strong>15</strong></span> <span class='ocrx_word' id='word_1_25' title='bbox 178 733 221 794; x_wconf 77' lang='lat' dir='ltr'><strong>Et</strong></span> <span class='ocrx_word' id='word_1_26' title='bbox 232 751 280 791; x_wconf 86' lang='lat' dir='ltr'><strong>mc</strong></span> <span class='ocrx_word' id='word_1_27' title='bbox 292 731 425 792; x_wconf 84' lang='lat' dir='ltr'><strong>defixum</strong></span> <span class='ocrx_word' id='word_1_28' title='bbox 435 749 529 790; x_wconf 81' lang='lat' dir='ltr'><strong>vacua</strong></span> <span class='ocrx_word' id='word_1_29' title='bbox 539 731 674 809; x_wconf 83' lang='lat' dir='ltr'><strong>patiatur</strong></span> <span class='ocrx_word' id='word_1_30' title='bbox 684 731 717 789; x_wconf 90' lang='lat' dir='ltr'><strong>in</strong></span> <span class='ocrx_word' id='word_1_31' title='bbox 728 749 784 789; x_wconf 87' lang='lat' dir='ltr'><strong>cra</strong></span> 
     </span>
     <span class='ocr_line' id='line_1_7' title="bbox 218 814 847 892; baseline -0.003 -16"><span class='ocrx_word' id='word_1_32' title='bbox 218 814 387 876; x_wconf 78' lang='lat' dir='ltr'><strong>Crudelem</strong></span> <span class='ocrx_word' id='word_1_33' title='bbox 397 814 512 874; x_wconf 85' lang='lat' dir='ltr'><strong>infesta</strong></span> <span class='ocrx_word' id='word_1_34' title='bbox 522 832 616 892; x_wconf 80' lang='lat' dir='ltr'><strong>saepe</strong></span> <span class='ocrx_word' id='word_1_35' title='bbox 627 833 737 874; x_wconf 81' lang='lat' dir='ltr'><strong>vocare</strong></span> <span class='ocrx_word' id='word_1_36' title='bbox 748 833 847 874; x_wconf 87' lang='lat' dir='ltr'><strong>manu.</strong></span> 
     </span>
     <span class='ocr_line' id='line_1_8' title="bbox 179 895 978 978; baseline 0 -19"><span class='ocrx_word' id='word_1_37' title='bbox 179 897 244 960; x_wconf 84' lang='lat' dir='ltr'><strong>Scd</strong></span> <span class='ocrx_word' id='word_1_38' title='bbox 257 915 449 978; x_wconf 85' lang='lat' dir='ltr'><strong>quocumque</strong></span> <span class='ocrx_word' id='word_1_39' title='bbox 461 895 552 956; x_wconf 84' lang='lat' dir='ltr'><strong>modo</strong></span> <span class='ocrx_word' id='word_1_40' title='bbox 565 896 604 956; x_wconf 86' lang='lat' dir='ltr'><strong>de</strong></span> <span class='ocrx_word' id='word_1_41' title='bbox 615 916 675 975; x_wconf 85' lang='lat' dir='ltr'><strong>mc,</strong></span> <span class='ocrx_word' id='word_1_42' title='bbox 686 899 822 978; x_wconf 84' lang='lat' dir='ltr'><strong>periura,</strong></span> <span class='ocrx_word' id='word_1_43' title='bbox 835 901 978 976; x_wconf 82' lang='lat' dir='ltr'><strong>mereris,</strong></span> 
     </span>
     <span class='ocr_line' id='line_1_9' title="bbox 221 979 767 1058; baseline -0.002 -16"><span class='ocrx_word' id='word_1_44' title='bbox 221 982 269 1042; x_wconf 88' lang='lat' dir='ltr'><strong>Sit</strong></span> <span class='ocrx_word' id='word_1_45' title='bbox 279 980 411 1042; x_wconf 77' lang='lat' dir='ltr'><strong>Galatea</strong></span> <span class='ocrx_word' id='word_1_46' title='bbox 420 987 492 1040; x_wconf 82' lang='lat' dir='ltr'><strong>tuac</strong></span> <span class='ocrx_word' id='word_1_47' title='bbox 502 999 565 1040; x_wconf 90' lang='lat' dir='ltr'><strong>non</strong></span> <span class='ocrx_word' id='word_1_48' title='bbox 577 979 679 1041; x_wconf 85' lang='lat' dir='ltr'><strong>aliena</strong></span> <span class='ocrx_word' id='word_1_49' title='bbox 689 984 767 1058; x_wconf 86' lang='lat' dir='ltr'><strong>viae,</strong></span> 
     </span>
     <span class='ocr_line' id='line_1_10' title="bbox 177 1064 796 1145; baseline -0.003 -18"><span class='ocrx_word' id='word_1_50' title='bbox 177 1068 221 1128; x_wconf 88' lang='lat' dir='ltr'><strong>Ut</strong></span> <span class='ocrx_word' id='word_1_51' title='bbox 231 1073 263 1126; x_wconf 88' lang='lat' dir='ltr'><strong>te</strong></span> <span class='ocrx_word' id='word_1_52' title='bbox 274 1064 360 1126; x_wconf 83' lang='lat' dir='ltr'><strong>felici</strong></span> <span class='ocrx_word' id='word_1_53' title='bbox 371 1070 537 1145; x_wconf 81' lang='lat' dir='ltr'><strong>praevecta</strong></span> <span class='ocrx_word' id='word_1_54' title='bbox 546 1065 700 1124; x_wconf 77' lang='lat' dir='ltr'><strong>Ceraunis</strong></span> <span class='ocrx_word' id='word_1_55' title='bbox 709 1084 796 1125; x_wconf 84' lang='lat' dir='ltr'><strong>remo</strong></span> 
     </span>
     <span class='ocr_line' id='line_1_11' title="bbox 125 1145 833 1229; baseline -0.003 -15"><span class='ocrx_word' id='word_1_56' title='bbox 125 1161 162 1214; x_wconf 36' lang='lat'><strong>201</strong></span> <span class='ocrx_word' id='word_1_57' title='bbox 221 1150 362 1228; x_wconf 78' lang='lat' dir='ltr'><strong>Accipiat</strong></span> <span class='ocrx_word' id='word_1_58' title='bbox 373 1145 504 1229; x_wconf 83' lang='lat' dir='ltr'><strong>placidis</strong></span> <span class='ocrx_word' id='word_1_59' title='bbox 516 1148 626 1209; x_wconf 85' lang='lat' dir='ltr'><strong>Oricos</strong></span> <span class='ocrx_word' id='word_1_60' title='bbox 638 1150 833 1227; x_wconf 79' lang='lat' dir='ltr'><strong>aequoribus.</strong></span> 
     </span>
     <span class='ocr_line' id='line_1_12' title="bbox 178 1230 987 1312; baseline 0.002 -19"><span class='ocrx_word' id='word_1_61' title='bbox 178 1233 255 1293; x_wconf 84' lang='lat' dir='ltr'><strong>Nam</strong></span> <span class='ocrx_word' id='word_1_62' title='bbox 266 1252 315 1295; x_wconf 84' lang='lat' dir='ltr'><strong>mc</strong></span> <span class='ocrx_word' id='word_1_63' title='bbox 326 1252 389 1292; x_wconf 89' lang='lat' dir='ltr'><strong>ncn</strong></span> <span class='ocrx_word' id='word_1_64' title='bbox 399 1230 484 1292; x_wconf 85' lang='lat' dir='ltr'><strong>ullae</strong></span> <span class='ocrx_word' id='word_1_65' title='bbox 493 1239 642 1312; x_wconf 85' lang='lat' dir='ltr'><strong>potarunt</strong></span> <span class='ocrx_word' id='word_1_66' title='bbox 653 1250 854 1312; x_wconf 87' lang='lat' dir='ltr'><strong>corrumpere</strong></span> <span class='ocrx_word' id='word_1_67' title='bbox 865 1232 987 1312; x_wconf 66' lang='lat' dir='ltr'><strong>nedae,</strong></span> 
     </span>
     <span class='ocr_line' id='line_1_13' title="bbox 220 1314 896 1394; baseline 0 -19"><span class='ocrx_word' id='word_1_68' title='bbox 220 1318 301 1392; x_wconf 77' lang='lat' dir='ltr'><strong>Quin</strong></span> <span class='ocrx_word' id='word_1_69' title='bbox 313 1334 382 1394; x_wconf 82' lang='lat' dir='ltr'>ego,</span> <span class='ocrx_word' id='word_1_70' title='bbox 393 1318 465 1392; x_wconf 76' lang='lat' dir='ltr'><strong>vitu,</strong></span> <span class='ocrx_word' id='word_1_71' title='bbox 477 1323 529 1375; x_wconf 85' lang='lat' dir='ltr'><strong>tua</strong></span> <span class='ocrx_word' id='word_1_72' title='bbox 540 1314 648 1375; x_wconf 87' lang='lat' dir='ltr'><strong>limine</strong></span> <span class='ocrx_word' id='word_1_73' title='bbox 659 1318 755 1377; x_wconf 84' lang='lat' dir='ltr'><strong>verbu</strong></span> <span class='ocrx_word' id='word_1_74' title='bbox 766 1335 896 1394; x_wconf 79' lang='lat' dir='ltr'><strong>querar3</strong></span> 
     </span>
     <span class='ocr_line' id='line_1_14' title="bbox 177 1397 827 1477; baseline 0 -18"><span class='ocrx_word' id='word_1_75' title='bbox 177 1399 243 1459; x_wconf 86' lang='lat' dir='ltr'><strong>Nec</strong></span> <span class='ocrx_word' id='word_1_76' title='bbox 253 1417 303 1458; x_wconf 85' lang='lat' dir='ltr'><strong>mc</strong></span> <span class='ocrx_word' id='word_1_77' title='bbox 314 1397 441 1458; x_wconf 84' lang='lat' dir='ltr'><strong>deficiet</strong></span> <span class='ocrx_word' id='word_1_78' title='bbox 450 1405 558 1461; x_wconf 82' lang='lat' dir='ltr'><strong>nautas</strong></span> <span class='ocrx_word' id='word_1_79' title='bbox 568 1401 705 1477; x_wconf 81' lang='lat' dir='ltr'><strong>rogitare</strong></span> <span class='ocrx_word' id='word_1_80' title='bbox 718 1402 827 1459; x_wconf 83' lang='lat' dir='ltr'><strong>citatos</strong></span> 
     </span>
     <span class='ocr_line' id='line_1_15' title="bbox 220 1481 923 1562; baseline 0.001 -20"><span class='ocrx_word' id='word_1_81' title='bbox 220 1483 344 1561; x_wconf 55' lang='lat' dir='ltr'><strong>{Dicitc‚</strong></span> <span class='ocrx_word' id='word_1_82' title='bbox 360 1502 420 1561; x_wconf 88' lang='lat' dir='ltr'><strong>quc</strong></span> <span class='ocrx_word' id='word_1_83' title='bbox 431 1488 524 1561; x_wconf 89' lang='lat' dir='ltr'><strong>portu</strong></span> <span class='ocrx_word' id='word_1_84' title='bbox 535 1481 637 1542; x_wconf 86' lang='lat' dir='ltr'><strong>clausu</strong></span> <span class='ocrx_word' id='word_1_85' title='bbox 647 1482 751 1562; x_wconf 82' lang='lat' dir='ltr'><strong>puella</strong></span> <span class='ocrx_word' id='word_1_86' title='bbox 762 1503 831 1544; x_wconf 85' lang='lat' dir='ltr'><strong>mea</strong></span> <span class='ocrx_word' id='word_1_87' title='bbox 841 1485 923 1545; x_wconf 68' lang='lat' dir='ltr'><strong>esti&#39;</strong></span> 
     </span>
     <span class='ocr_line' id='line_1_16' title="bbox 124 1566 853 1645; baseline -0.004 -15"><span class='ocrx_word' id='word_1_88' title='bbox 124 1579 157 1630; x_wconf 75' lang='lat'><strong>25</strong></span> <span class='ocrx_word' id='word_1_89' title='bbox 177 1567 220 1627; x_wconf 84' lang='lat' dir='ltr'><strong>Et</strong></span> <span class='ocrx_word' id='word_1_90' title='bbox 231 1566 330 1626; x_wconf 86' lang='lat' dir='ltr'><strong>dicam</strong></span> <span class='ocrx_word' id='word_1_91' title='bbox 342 1566 429 1626; x_wconf 75' lang='lat' dir='ltr'><strong>‘licet</strong></span> <span class='ocrx_word' id='word_1_92' title='bbox 439 1567 574 1626; x_wconf 81' lang='lat' dir='ltr'><strong>Atraciis</strong></span> <span class='ocrx_word' id='word_1_93' title='bbox 585 1567 725 1627; x_wconf 76' lang='lat' dir='ltr'><strong>considat</strong></span> <span class='ocrx_word' id='word_1_94' title='bbox 735 1569 768 1626; x_wconf 89' lang='lat' dir='ltr'><strong>in</strong></span> <span class='ocrx_word' id='word_1_95' title='bbox 780 1569 853 1645; x_wconf 89' lang='lat' dir='ltr'><strong>oris,</strong></span> 
     </span>
     <span class='ocr_line' id='line_1_17' title="bbox 215 1647 789 1726; baseline -0.002 -14"><span class='ocrx_word' id='word_1_96' title='bbox 215 1651 257 1718; x_wconf 82' lang='lat' dir='ltr'><strong>Et</strong></span> <span class='ocrx_word' id='word_1_97' title='bbox 265 1650 342 1711; x_wconf 87' lang='lat' dir='ltr'><strong>licet</strong></span> <span class='ocrx_word' id='word_1_98' title='bbox 351 1649 449 1726; x_wconf 83' lang='lat' dir='ltr'><strong>Eleis,</strong></span> <span class='ocrx_word' id='word_1_99' title='bbox 460 1647 516 1709; x_wconf 84' lang='lat' dir='ltr'><strong>illa</strong></span> <span class='ocrx_word' id='word_1_100' title='bbox 525 1650 629 1711; x_wconf 83' lang='lat' dir='ltr'><strong>futura</strong></span> <span class='ocrx_word' id='word_1_101' title='bbox 639 1670 707 1711; x_wconf 81' lang='lat' dir='ltr'><strong>mea</strong></span> <span class='ocrx_word' id='word_1_102' title='bbox 718 1656 789 1712; x_wconf 83' lang='lat' dir='ltr'><strong>et&#39;</strong></span> 
     </span>
     <span class='ocr_line' id='line_1_18' title="bbox 177 1735 936 1814; baseline 0.001 -20"><span class='ocrx_word' id='word_1_103' title='bbox 177 1735 238 1794; x_wconf 91' lang='lat' dir='ltr'><strong>Hic</strong></span> <span class='ocrx_word' id='word_1_104' title='bbox 249 1737 320 1811; x_wconf 85' lang='lat' dir='ltr'><strong>crit,</strong></span> <span class='ocrx_word' id='word_1_105' title='bbox 332 1735 384 1794; x_wconf 91' lang='lat' dir='ltr'><strong>hic</strong></span> <span class='ocrx_word' id='word_1_106' title='bbox 394 1736 494 1794; x_wconf 85' lang='lat' dir='ltr'><strong>iurata</strong></span> <span class='ocrx_word' id='word_1_107' title='bbox 505 1741 618 1813; x_wconf 86' lang='lat' dir='ltr'><strong>manet,</strong></span> <span class='ocrx_word' id='word_1_108' title='bbox 629 1741 812 1814; x_wconf 78' lang='lat' dir='ltr'><strong>rumpantur</strong></span> <span class='ocrx_word' id='word_1_109' title='bbox 823 1736 936 1814; x_wconf 85' lang='lat' dir='ltr'><strong>iniqui!</strong></span> 
     </span>
     <span class='ocr_line' id='line_1_19' title="bbox 218 1817 882 1898; baseline -0.002 -19"><span class='ocrx_word' id='word_1_110' title='bbox 218 1819 370 1880; x_wconf 78' lang='lat' dir='ltr'><strong>Vicimus:</strong></span> <span class='ocrx_word' id='word_1_111' title='bbox 394 1817 530 1878; x_wconf 80' lang='lat' dir='ltr'><strong>assiduas</strong></span> <span class='ocrx_word' id='word_1_112' title='bbox 542 1838 604 1877; x_wconf 91' lang='lat' dir='ltr'><strong>ncn</strong></span> <span class='ocrx_word' id='word_1_113' title='bbox 614 1819 687 1879; x_wconf 92' lang='lat' dir='ltr'><strong>tulit</strong></span> <span class='ocrx_word' id='word_1_114' title='bbox 697 1817 752 1878; x_wconf 90' lang='lat' dir='ltr'><strong>illa</strong></span> <span class='ocrx_word' id='word_1_115' title='bbox 761 1838 882 1898; x_wconf 85' lang='lat' dir='ltr'><strong>preces.</strong></span> 
     </span>
     <span class='ocr_line' id='line_1_20' title="bbox 176 1900 873 1981; baseline 0.003 -21"><span class='ocrx_word' id='word_1_116' title='bbox 176 1900 269 1961; x_wconf 85' lang='lat' dir='ltr'><strong>Falsa</strong></span> <span class='ocrx_word' id='word_1_117' title='bbox 278 1900 498 1981; x_wconf 75' lang='lat' dir='ltr'><strong>licct&#39;cupidus</strong></span> <span class='ocrx_word' id='word_1_118' title='bbox 510 1901 646 1981; x_wconf 84' lang='lat' dir='ltr'><strong>deponat</strong></span> <span class='ocrx_word' id='word_1_119' title='bbox 656 1903 765 1981; x_wconf 83' lang='lat' dir='ltr'><strong>gaudia</strong></span> <span class='ocrx_word' id='word_1_120' title='bbox 775 1901 873 1962; x_wconf 82' lang='lat' dir='ltr'><strong>livor:</strong></span> 
     </span>
     <span class='ocr_line' id='line_1_21' title="bbox 123 1986 856 2064; baseline -0.004 -16"><span class='ocrx_word' id='word_1_121' title='bbox 123 1994 159 2048; x_wconf 78' lang='lat'><strong>30</strong></span> <span class='ocrx_word' id='word_1_122' title='bbox 219 1986 349 2046; x_wconf 83' lang='lat' dir='ltr'><strong>Destitit</strong></span> <span class='ocrx_word' id='word_1_123' title='bbox 358 1987 407 2045; x_wconf 86' lang='lat' dir='ltr'><strong>irc</strong></span> <span class='ocrx_word' id='word_1_124' title='bbox 417 2005 511 2045; x_wconf 84' lang='lat' dir='ltr'><strong>novas</strong></span> <span class='ocrx_word' id='word_1_125' title='bbox 523 1986 657 2064; x_wconf 80' lang='lat' dir='ltr'><strong>Cynthia</strong></span> <span class='ocrx_word' id='word_1_126' title='bbox 667 1994 774 2046; x_wconf 85' lang='lat' dir='ltr'><strong>nostra</strong></span> <span class='ocrx_word' id='word_1_127' title='bbox 784 1988 856 2051; x_wconf 73' lang='lat' dir='ltr'><strong>vias.</strong></span> 
     </span>
     <span class='ocr_line' id='line_1_22' title="bbox 177 2066 846 2148; baseline 0.003 -22"><span class='ocrx_word' id='word_1_128' title='bbox 177 2066 229 2127; x_wconf 90' lang='lat' dir='ltr'><strong>llli</strong></span> <span class='ocrx_word' id='word_1_129' title='bbox 241 2087 329 2127; x_wconf 85' lang='lat' dir='ltr'><strong>carus</strong></span> <span class='ocrx_word' id='word_1_130' title='bbox 340 2087 398 2146; x_wconf 79' lang='lat' dir='ltr'><strong>ego</strong></span> <span class='ocrx_word' id='word_1_131' title='bbox 410 2076 443 2128; x_wconf 85' lang='lat' dir='ltr'><strong>et</strong></span> <span class='ocrx_word' id='word_1_132' title='bbox 452 2087 510 2148; x_wconf 86' lang='lat' dir='ltr'><strong>per</strong></span> <span class='ocrx_word' id='word_1_133' title='bbox 521 2088 570 2128; x_wconf 86' lang='lat' dir='ltr'><strong>mc</strong></span> <span class='ocrx_word' id='word_1_134' title='bbox 583 2071 739 2130; x_wconf 84' lang='lat' dir='ltr'><strong>carissima</strong></span> <span class='ocrx_word' id='word_1_135' title='bbox 748 2071 846 2129; x_wconf 84' lang='lat' dir='ltr'><strong>Roma</strong></span> 
     </span>
     <span class='ocr_line' id='line_1_23' title="bbox 119 2151 867 2231; baseline 0.004 -22"><span class='ocrx_word' id='word_1_136' title='bbox 119 2180 121 2183; x_wconf 95' lang='lat'>·</span> <span class='ocrx_word' id='word_1_137' title='bbox 219 2151 351 2229; x_wconf 84' lang='lat' dir='ltr'><strong>Dicitur,</strong></span> <span class='ocrx_word' id='word_1_138' title='bbox 362 2158 395 2211; x_wconf 85' lang='lat' dir='ltr'><strong>at</strong></span> <span class='ocrx_word' id='word_1_139' title='bbox 406 2153 474 2211; x_wconf 85' lang='lat' dir='ltr'><strong>sine</strong></span> <span class='ocrx_word' id='word_1_140' title='bbox 485 2171 535 2212; x_wconf 86' lang='lat' dir='ltr'><strong>mc</strong></span> <span class='ocrx_word' id='word_1_141' title='bbox 546 2152 649 2214; x_wconf 87' lang='lat' dir='ltr'><strong>dulcia</strong></span> <span class='ocrx_word' id='word_1_142' title='bbox 659 2173 755 2231; x_wconf 83' lang='lat' dir='ltr'><strong>regua</strong></span> <span class='ocrx_word' id='word_1_143' title='bbox 764 2159 867 2229; x_wconf 77' lang='lat' dir='ltr'><strong>negat.</strong></span> 
     </span>
     <span class='ocr_line' id='line_1_24' title="bbox 177 2231 870 2316; baseline -0.003 -22"><span class='ocrx_word' id='word_1_144' title='bbox 177 2231 235 2294; x_wconf 87' lang='lat' dir='ltr'><strong>Illa</strong></span> <span class='ocrx_word' id='word_1_145' title='bbox 245 2233 297 2294; x_wconf 81' lang='lat' dir='ltr'><strong>vel</strong></span> <span class='ocrx_word' id='word_1_146' title='bbox 306 2242 435 2313; x_wconf 73' lang='lat' dir='ltr'><strong>angusto</strong></span> <span class='ocrx_word' id='word_1_147' title='bbox 448 2255 567 2296; x_wconf 87' lang='lat' dir='ltr'><strong>mecum</strong></span> <span class='ocrx_word' id='word_1_148' title='bbox 577 2240 776 2316; x_wconf 80' lang='lat' dir='ltr'><strong>requiescere</strong></span> <span class='ocrx_word' id='word_1_149' title='bbox 786 2232 870 2293; x_wconf 86' lang='lat' dir='ltr'><strong>lecto</strong></span> 
     </span>
     <span class='ocr_line' id='line_1_25' title="bbox 216 2318 852 2398; baseline 0.002 -22"><span class='ocrx_word' id='word_1_150' title='bbox 216 2318 259 2377; x_wconf 83' lang='lat' dir='ltr'><strong>Et</strong></span> <span class='ocrx_word' id='word_1_151' title='bbox 270 2338 461 2398; x_wconf 85' lang='lat' dir='ltr'><strong>quocumque</strong></span> <span class='ocrx_word' id='word_1_152' title='bbox 471 2320 563 2380; x_wconf 87' lang='lat' dir='ltr'><strong>modo</strong></span> <span class='ocrx_word' id='word_1_153' title='bbox 575 2321 683 2381; x_wconf 84' lang='lat' dir='ltr'><strong>maluit</strong></span> <span class='ocrx_word' id='word_1_154' title='bbox 693 2337 763 2379; x_wconf 84' lang='lat' dir='ltr'><strong>csse</strong></span> <span class='ocrx_word' id='word_1_155' title='bbox 774 2335 852 2393; x_wconf 80' lang='lat' dir='ltr'><strong>mea,</strong></span> 
     </span>
     <span class='ocr_line' id='line_1_26' title="bbox 124 2400 968 2482; baseline -0.002 -20"><span class='ocrx_word' id='word_1_156' title='bbox 124 2411 158 2462; x_wconf 82' lang='lat'><strong>35</strong></span> <span class='ocrx_word' id='word_1_157' title='bbox 180 2401 275 2477; x_wconf 77' lang='lat' dir='ltr'><strong>Quam</strong></span> <span class='ocrx_word' id='word_1_158' title='bbox 290 2403 349 2462; x_wconf 87' lang='lat' dir='ltr'><strong>sihi</strong></span> <span class='ocrx_word' id='word_1_159' title='bbox 361 2401 484 2464; x_wconf 84' lang='lat' dir='ltr'><strong>dotatae</strong></span> <span class='ocrx_word' id='word_1_160' title='bbox 495 2423 624 2482; x_wconf 85' lang='lat' dir='ltr'><strong>regnum</strong></span> <span class='ocrx_word' id='word_1_161' title='bbox 634 2410 722 2464; x_wconf 84' lang='lat' dir='ltr'><strong>vctus</strong></span> <span class='ocrx_word' id='word_1_162' title='bbox 733 2400 968 2482; x_wconf 84' lang='lat' dir='ltr'><strong>Hippodamiae,</strong></span> 
     </span>
     <span class='ocr_line' id='line_1_27' title="bbox 216 2485 840 2565; baseline -0.002 -21"><span class='ocrx_word' id='word_1_163' title='bbox 216 2485 258 2544; x_wconf 84' lang='lat' dir='ltr'><strong>Et</strong></span> <span class='ocrx_word' id='word_1_164' title='bbox 270 2506 343 2565; x_wconf 87' lang='lat' dir='ltr'><strong>quas</strong></span> <span class='ocrx_word' id='word_1_165' title='bbox 357 2486 425 2548; x_wconf 85' lang='lat' dir='ltr'><strong>Elis</strong></span> <span class='ocrx_word' id='word_1_166' title='bbox 437 2506 514 2564; x_wconf 84' lang='lat' dir='ltr'><strong>opes</strong></span> <span class='ocrx_word' id='word_1_167' title='bbox 525 2493 596 2546; x_wconf 85' lang='lat' dir='ltr'><strong>aute</strong></span> <span class='ocrx_word' id='word_1_168' title='bbox 607 2493 732 2565; x_wconf 85' lang='lat' dir='ltr'><strong>pararat</strong></span> <span class='ocrx_word' id='word_1_169' title='bbox 743 2487 840 2563; x_wconf 86' lang='lat' dir='ltr'><strong>equis.</strong></span> 
     </span>
     <span class='ocr_line' id='line_1_28' title="bbox 178 2566 974 2645; baseline -0.003 -17"><span class='ocrx_word' id='word_1_170' title='bbox 178 2568 320 2644; x_wconf 78' lang='lat' dir='ltr'><strong>Quamvis</strong></span> <span class='ocrx_word' id='word_1_171' title='bbox 331 2588 439 2645; x_wconf 81' lang='lat' dir='ltr'><strong>magna</strong></span> <span class='ocrx_word' id='word_1_172' title='bbox 451 2568 550 2644; x_wconf 86' lang='lat' dir='ltr'><strong>daret,</strong></span> <span class='ocrx_word' id='word_1_173' title='bbox 563 2569 698 2645; x_wconf 78' lang='lat' dir='ltr'><strong>quamvis</strong></span> <span class='ocrx_word' id='word_1_174' title='bbox 709 2570 824 2627; x_wconf 88' lang='lat' dir='ltr'><strong>maiora</strong></span> <span class='ocrx_word' id='word_1_175' title='bbox 835 2566 974 2644; x_wconf 83' lang='lat' dir='ltr'><strong>daturus,</strong></span> 
     </span>
     <span class='ocr_line' id='line_1_29' title="bbox 216 2648 859 2729; baseline -0.002 -18"><span class='ocrx_word' id='word_1_176' title='bbox 216 2651 286 2711; x_wconf 89' lang='lat' dir='ltr'><strong>Ncn</strong></span> <span class='ocrx_word' id='word_1_177' title='bbox 296 2658 400 2711; x_wconf 86' lang='lat' dir='ltr'><strong>tamen</strong></span> <span class='ocrx_word' id='word_1_178' title='bbox 408 2648 465 2710; x_wconf 87' lang='lat' dir='ltr'><strong>illa</strong></span> <span class='ocrx_word' id='word_1_179' title='bbox 477 2668 562 2710; x_wconf 83' lang='lat' dir='ltr'><strong>meos</strong></span> <span class='ocrx_word' id='word_1_180' title='bbox 573 2651 654 2729; x_wconf 78' lang='lat' dir='ltr'><strong>fugit</strong></span> <span class='ocrx_word' id='word_1_181' title='bbox 665 2670 754 2709; x_wconf 84' lang='lat' dir='ltr'><strong>avara</strong></span> <span class='ocrx_word' id='word_1_182' title='bbox 765 2651 859 2710; x_wconf 85' lang='lat' dir='ltr'><strong>sinus.</strong></span> 
     </span>
     <span class='ocr_line' id='line_1_30' title="bbox 176 2734 968 2814; baseline -0.003 -20"><span class='ocrx_word' id='word_1_183' title='bbox 176 2736 264 2796; x_wconf 86' lang='lat' dir='ltr'><strong>Hanc</strong></span> <span class='ocrx_word' id='word_1_184' title='bbox 279 2754 336 2814; x_wconf 82' lang='lat' dir='ltr'><strong>ego</strong></span> <span class='ocrx_word' id='word_1_185' title='bbox 347 2754 409 2795; x_wconf 84' lang='lat' dir='ltr'><strong>non</strong></span> <span class='ocrx_word' id='word_1_186' title='bbox 422 2754 508 2812; x_wconf 84' lang='lat' dir='ltr'><strong>auro,</strong></span> <span class='ocrx_word' id='word_1_187' title='bbox 521 2754 584 2794; x_wconf 90' lang='lat' dir='ltr'><strong>non</strong></span> <span class='ocrx_word' id='word_1_188' title='bbox 595 2734 678 2794; x_wconf 89' lang='lat' dir='ltr'><strong>lndis</strong></span> <span class='ocrx_word' id='word_1_189' title='bbox 689 2735 820 2794; x_wconf 86' lang='lat' dir='ltr'><strong>flectere</strong></span> <span class='ocrx_word' id='word_1_190' title='bbox 832 2734 968 2810; x_wconf 77' lang='lat' dir='ltr'><strong>conchis,</strong></span> 
     </span>
     <span class='ocr_line' id='line_1_31' title="bbox 122 2818 823 2899; baseline 0 -21"><span class='ocrx_word' id='word_1_191' title='bbox 122 2825 157 2879; x_wconf 79' lang='lat'><strong>40</strong></span> <span class='ocrx_word' id='word_1_192' title='bbox 217 2819 281 2878; x_wconf 86' lang='lat' dir='ltr'><strong>Sed</strong></span> <span class='ocrx_word' id='word_1_193' title='bbox 291 2822 379 2899; x_wconf 88' lang='lat' dir='ltr'><strong>potui</strong></span> <span class='ocrx_word' id='word_1_194' title='bbox 391 2818 497 2881; x_wconf 78' lang='lat' dir='ltr'><strong>blandi</strong></span> <span class='ocrx_word' id='word_1_195' title='bbox 509 2820 652 2879; x_wconf 77' lang='lat' dir='ltr'><strong>carminis</strong></span> <span class='ocrx_word' id='word_1_196' title='bbox 664 2820 823 2898; x_wconf 84' lang='lat' dir='ltr'><strong>obsequio.</strong></span> 
     </span>
     <span class='ocr_line' id='line_1_32' title="bbox 177 2898 972 2979; baseline -0.003 -19"><span class='ocrx_word' id='word_1_197' title='bbox 177 2900 256 2960; x_wconf 87' lang='lat' dir='ltr'><strong>Sunt</strong></span> <span class='ocrx_word' id='word_1_198' title='bbox 265 2903 360 2977; x_wconf 76' lang='lat' dir='ltr'><strong>igitur</strong></span> <span class='ocrx_word' id='word_1_199' title='bbox 370 2904 479 2961; x_wconf 87' lang='lat' dir='ltr'><strong>Musae</strong></span> <span class='ocrx_word' id='word_1_200' title='bbox 490 2919 593 2977; x_wconf 86' lang='lat' dir='ltr'><strong>nequa</strong></span> <span class='ocrx_word' id='word_1_201' title='bbox 605 2903 717 2961; x_wconf 86' lang='lat' dir='ltr'><strong>amanti</strong></span> <span class='ocrx_word' id='word_1_202' title='bbox 727 2902 834 2962; x_wconf 82' lang='lat' dir='ltr'><strong>tardus</strong></span> <span class='ocrx_word' id='word_1_203' title='bbox 845 2898 972 2979; x_wconf 81' lang='lat' dir='ltr'><strong>Apollo,</strong></span> 
     </span>
     <span class='ocr_line' id='line_1_33' title="bbox 218 2983 953 3062; baseline -0.001 -20"><span class='ocrx_word' id='word_1_204' title='bbox 218 2983 293 3059; x_wconf 77' lang='lat' dir='ltr'><strong>Quis</strong></span> <span class='ocrx_word' id='word_1_205' title='bbox 305 3001 363 3059; x_wconf 83' lang='lat' dir='ltr'><strong>ego</strong></span> <span class='ocrx_word' id='word_1_206' title='bbox 374 2984 474 3041; x_wconf 83' lang='lat' dir='ltr'><strong>fretus</strong></span> <span class='ocrx_word' id='word_1_207' title='bbox 486 3001 569 3041; x_wconf 83' lang='lat' dir='ltr'><strong>amc:</strong></span> <span class='ocrx_word' id='word_1_208' title='bbox 592 2984 725 3062; x_wconf 86' lang='lat' dir='ltr'><strong>Cynthia</strong></span> <span class='ocrx_word' id='word_1_209' title='bbox 736 3006 806 3045; x_wconf 86' lang='lat' dir='ltr'><strong>rara</strong></span> <span class='ocrx_word' id='word_1_210' title='bbox 816 3002 884 3043; x_wconf 86' lang='lat' dir='ltr'><strong>meu</strong></span> <span class='ocrx_word' id='word_1_211' title='bbox 896 2990 953 3042; x_wconf 86' lang='lat' dir='ltr'><strong>est.</strong></span> 
     </span>
     <span class='ocr_line' id='line_1_34' title="bbox 130 3062 1013 3146; baseline -0.003 -19"><span class='ocrx_word' id='word_1_212' title='bbox 130 3064 134 3072; x_wconf 86' lang='lat'>&#39;</span> <span class='ocrx_word' id='word_1_213' title='bbox 175 3066 265 3127; x_wconf 91' lang='lat' dir='ltr'><strong>Nunc</strong></span> <span class='ocrx_word' id='word_1_214' title='bbox 276 3066 352 3125; x_wconf 90' lang='lat' dir='ltr'><strong>mihi</strong></span> <span class='ocrx_word' id='word_1_215' title='bbox 363 3085 478 3124; x_wconf 85' lang='lat' dir='ltr'><strong>summa</strong></span> <span class='ocrx_word' id='word_1_216' title='bbox 488 3062 565 3126; x_wconf 86' lang='lat' dir='ltr'><strong>licet</strong></span> <span class='ocrx_word' id='word_1_217' title='bbox 576 3069 756 3145; x_wconf 77' lang='lat' dir='ltr'><strong>contingere</strong></span> <span class='ocrx_word' id='word_1_218' title='bbox 768 3067 872 3128; x_wconf 84' lang='lat' dir='ltr'><strong>sidera</strong></span> <span class='ocrx_word' id='word_1_219' title='bbox 882 3065 1013 3146; x_wconf 87' lang='lat' dir='ltr'><strong>plantis:</strong></span> 
     </span>
     <span class='ocr_line' id='line_1_35' title="bbox 219 3149 879 3229; baseline 0.003 -20"><span class='ocrx_word' id='word_1_220' title='bbox 219 3150 290 3209; x_wconf 86' lang='lat' dir='ltr'><strong>Sive</strong></span> <span class='ocrx_word' id='word_1_221' title='bbox 303 3149 369 3208; x_wconf 86' lang='lat' dir='ltr'><strong>dics</strong></span> <span class='ocrx_word' id='word_1_222' title='bbox 381 3168 436 3210; x_wconf 86' lang='lat' dir='ltr'><strong>seu</strong></span> <span class='ocrx_word' id='word_1_223' title='bbox 447 3169 508 3210; x_wconf 84' lang='lat' dir='ltr'><strong>nox</strong></span> <span class='ocrx_word' id='word_1_224' title='bbox 518 3153 650 3225; x_wconf 80' lang='lat' dir='ltr'><strong>venerit,</strong></span> <span class='ocrx_word' id='word_1_225' title='bbox 660 3150 717 3212; x_wconf 86' lang='lat' dir='ltr'><strong>illa</strong></span> <span class='ocrx_word' id='word_1_226' title='bbox 727 3172 796 3212; x_wconf 86' lang='lat' dir='ltr'><strong>mea</strong></span> <span class='ocrx_word' id='word_1_227' title='bbox 806 3158 879 3229; x_wconf 77' lang='lat' dir='ltr'><strong>est,¹</strong></span> 
     </span>
     <span class='ocr_line' id='line_1_36' title="bbox 122 3233 852 3297; baseline 0 -2"><span class='ocrx_word' id='word_1_228' title='bbox 122 3242 156 3295; x_wconf 82' lang='lat'><strong>45</strong></span> <span class='ocrx_word' id='word_1_229' title='bbox 177 3233 243 3293; x_wconf 83' lang='lat' dir='ltr'><strong>Nec</strong></span> <span class='ocrx_word' id='word_1_230' title='bbox 254 3233 330 3291; x_wconf 89' lang='lat' dir='ltr'><strong>mihi</strong></span> <span class='ocrx_word' id='word_1_231' title='bbox 340 3234 443 3295; x_wconf 84' lang='lat' dir='ltr'><strong>rivalis</strong></span> <span class='ocrx_word' id='word_1_232' title='bbox 455 3242 559 3295; x_wconf 80' lang='lat' dir='ltr'><strong>certos</strong></span> <span class='ocrx_word' id='word_1_233' title='bbox 569 3235 712 3296; x_wconf 85' lang='lat' dir='ltr'><strong>subducit</strong></span> <span class='ocrx_word' id='word_1_234' title='bbox 724 3254 852 3297; x_wconf 78' lang='lat' dir='ltr'><strong>amores.</strong></span> 
     </span>
     <span class='ocr_line' id='line_1_37' title="bbox 215 3317 759 3397; baseline 0.007 -21"><span class='ocrx_word' id='word_1_235' title='bbox 215 3317 277 3377; x_wconf 86' lang='lat' dir='ltr'><strong>Ista</strong></span> <span class='ocrx_word' id='word_1_236' title='bbox 287 3336 384 3378; x_wconf 84' lang='lat' dir='ltr'><strong>meam</strong></span> <span class='ocrx_word' id='word_1_237' title='bbox 394 3321 478 3379; x_wconf 88' lang='lat' dir='ltr'><strong>norit</strong></span> <span class='ocrx_word' id='word_1_238' title='bbox 489 3318 589 3397; x_wconf 82' lang='lat' dir='ltr'><strong>gloria</strong></span> <span class='ocrx_word' id='word_1_239' title='bbox 605 3321 759 3380; x_wconf 87' lang='lat' dir='ltr'><strong>canitiem.</strong></span> 
     </span>
    </p>
   </div>
   <div class='ocr_carea' id='block_1_4' title="bbox 419 3463 664 3474">
    <p class='ocr_par' dir='ltr' id='par_1_4' title="bbox 419 3463 664 3474">
     <span class='ocr_line' id='line_1_38' title="bbox 419 3463 664 3474; baseline -0.008 -1"><span class='ocrx_word' id='word_1_240' title='bbox 419 3468 421 3472; x_wconf 68' lang='grc'>,</span> <span class='ocrx_word' id='word_1_241' title='bbox 472 3463 664 3474; x_wconf 81' lang='lat'>..-—---</span> 
     </span>
    </p>
   </div>
   <div class='ocr_carea' id='block_1_5' title="bbox 0 0 1114 3846">
    <p class='ocr_par' dir='ltr' id='par_1_5' title="bbox 0 0 1114 3846">
     <span class='ocr_line' id='line_1_39' title="bbox 0 0 1114 3846; baseline 0 0"><span class='ocrx_word' id='word_1_242' title='bbox 0 0 1114 3846; x_wconf 95' lang='lat' dir='ltr'><strong> </strong></span> 
     </span>
    </p>
   </div>
  </div>
 </body>
</html>
