2220 3846
114 209 159 274 06
414 195 778 266 Pnornnrlt

163 385 179 438 5
199 375 298 437 Docta
307 370 359 434 vel
369 369 574 452 Hippolytum
585 367 705 430 Veneri
717 363 841 426 mollire
851 376 1029 450 negantem,

243 455 462 534 concordique
473 461 544 514 toro
555 452 689 532 pessima
700 467 825 529 semper
836 452 912 528 avis,

200 538 384 620 Penelopen
395 555 517 617 quoque
528 532 674 613 neglecto
685 551 811 593 rumore
827 536 934 595 mariti

241 625 368 686 Nubere
378 621 491 683 lascivo
504 625 632 697 cogeret
644 618 790 677 Antinoo.

159 702 163 710 ’
198 705 351 784 mavelit,
364 707 483 787 poterit
493 721 618 781 magnes
629 720 693 762 non
704 699 956 765 ducere-ferrum

148 803 182 856 10
241 793 283 855 Et
293 788 429 853 volucris
440 787 522 849 nidis
536 804 605 847 esse
616 803 749 846 noverca
761 787 834 846 suis.

200 876 323 955 Quippe
334 879 377 950 et,
389 869 529 932 Collinas
540 869 579 929 ad
589 870 704 931 fossam
714 871 847 931 moverit
856 871 983 950 herbas,

241 958 362 1037 Stantia
373 956 512 1016 currenti
524 953 719 1014 diluerentur
730 973 817 1032 aqua.

200 1040 308 1103 Audax
319 1045 459 1100 cantatae
473 1037 560 1117 leges
571 1039 723 1117 inponere
733 1035 828 1097 lunae

241 1125 283 1187 Elt
294 1144 348 1184 sua
357 1128 511 1183 nocturno
522 1119 637 1183 fallere
647 1128 738 1200 terga
746 1119 833 1200 lupo,
962 1146 964 1152 ·

122 1222 125 1227 ·
149 1217 181 1268 15
202 1207 314 1270 Posset
325 1212 358 1268 et
368 1209 506 1268 intentos
518 1212 587 1266 astu
597 1223 725 1266 caecare
737 1206 877 1283 maritos,

242 1292 409 1353 cornicum
419 1290 580 1351 inmeritos
591 1290 675 1349 eruit
685 1306 787 1367 angue
799 1307 905 1367 genas,

201 1373 427 1452 consuluitque
438 1375 552 1450 striges
563 1379 671 1434 nostro
685 1371 725 1432 dc
737 1374 887 1451 sanguine
897 1378 932 1433 et
942 1374 976 1434 in
984 1390 1029 1435 me

239 1457 450 1537 Hippomanes
460 1457 545 1516 fetae
557 1457 675 1515 semina
684 1455 764 1534 legit
774 1474 883 1535 cquae.

199 1540 355 1604 Exorabot
365 1559 443 1619 opus
452 1540 567 1617 verbis,
582 1557 640 1599 ceu
649 1537 764 1600 blando
774 1547 922 1619 pererrat
980 1596 984 1606 ‚

146 1633 182 1686 20
242 1624 449 1702 Saxorumque
462 1625 539 1684 terit
553 1621 662 1684 sedula
673 1621 764 1703 culpa
773 1625 867 1684 vlam:

201 1707 247 1768 ‘Si
257 1715 290 1768 te
301 1708 367 1769 an
376 1708 584 1768 Dorozantum
594 1709 678 1768 iuuat
688 1725 781 1769 aurea
790 1709 870 1788 ripa,

241 1792 284 1853 Et
294 1806 373 1870 quae
384 1793 441 1853 sub
454 1792 551 1870 Tyria
562 1793 680 1853 concha
691 1793 833 1871 superbit
842 1812 934 1870 aqua,

199 1874 415 1954 Eurypylique
425 1874 531 1956 placet
541 1877 624 1937 Coae
635 1881 758 1937 textura
767 1874 931 1937 Minervae

243 1958 397 2039 Sectaque
409 1959 447 2019 ab
458 1957 603 2020 Attalicis
614 1961 718 2039 putria
727 1961 915 2037 signaturis,

147 2051 181 2104 25
203 2041 266 2103 Seu
280 2060 358 2120 quae
368 2041 552 2121 palmiferae
562 2041 819 2103 mittuntvenalia
830 2043 974 2122 Thebae,

240 2125 432 2203 Murreaque
443 2126 477 2183 in
487 2126 611 2185 Parthis
622 2125 734 2205 pocula
743 2133 831 2186 cocta
840 2128 933 2206 focis,

200 2207 322 2288 Sperne
332 2207 437 2286 iidem,
448 2207 595 2288 prouolue
607 2209 693 2288 deos,
705 2209 864 2271 mendacia
874 2211 1011 2290 vincant,

239 2291 362 2371 Frange
376 2298 409 2353 et
420 2292 583 2354 damnosae
595 2295 663 2354 iura
673 2294 851 2374 pudicitiae.

198 2376 242 2438 Et
252 2375 398 2438 simulare
408 2379 507 2439 virum
516 2379 653 2458 pretinm
661 2380 752 2439 facit:
773 2384 865 2438 utere
875 2381 993 2440 causis:

146 2469 182 2523 30
243 2461 347 2521 Maior
358 2459 556 2522 dilatannctc
567 2469 711 2523 recurret
721 2482 814 2524 amor.

161 2555 167 2567 ·
201 2543 235 2604 Si
245 2545 304 2603 tibi
314 2545 398 2604 forte
411 2565 512 2605 comas
522 2549 680 2608 vexaverit
689 2546 775 2608 utili
785 2548 843 2624 ira,

240 2627 317 2686 Post
326 2627 418 2689 modo
429 2635 564 2689 mercata
574 2649 651 2710 pace
662 2629 849 2712 premendus
861 2631 947 2692 eritx

199 2711 342 2791 Denique
356 2713 411 2774 ubi
421 2709 564 2794 amplexu
574 2715 732 2777 Venerem
742 2715 926 2794 promiseris
938 2719 1033 2795 empta

239 2796 303 2857 Fac
314 2797 441 2858 simules
452 2819 547 2877 puros
557 2799 647 2859 Isidis
659 2816 728 2858 esse
740 2799 817 2858 dics.

145 2887 180 2940 35
201 2880 325 2958 lugeret
335 2880 462 2960 Apriles
473 2881 539 2942 lole
549 2883 617 2956 tibi,
628 2879 740 2939 tundat
749 2880 879 2956 Amycle

242 2961 384 3023 Natalem
393 2964 486 3022 Maiis
496 2963 600 3022 Idibus
612 2980 681 3022 esse
692 2968 787 3022 tuum.

200 3042 338 3124 Supplex
348 3041 405 3103 ille
417 3042 523 3103 sedet:
544 3045 647 3123 posita
656 3051 691 3106 tu
701 3047 804 3107 scribe
816 3047 967 3110 cathedra

241 3124 420 3201 Quidlibet:
440 3127 495 3186 has
507 3134 590 3188 artes
601 3130 628 3189 si
638 3137 730 3210 pavet
739 3129 807 3209 ille,
818 3139 919 3194 tenes.

201 3209 332 3286 Semper
342 3211 422 3271 habe
434 3231 553 3272 morsus
566 3214 648 3275 circa
657 3223 710 3276 tua
721 3214 801 3278 colla
810 3222 969 3293 recenter,

144 3301 181 3356 40
241 3291 362 3353 Litibua
376 3291 505 3355 alteruis
517 3317 593 3376 quos
604 3307 694 3379 putet
705 3319 775 3361 esse
787 3299 885 3362 datos.

198 3375 264 3436 Nec
275 3382 308 3437 tc
319 3377 453 3438 Medeae
466 3379 626 3443 delectent
635 3387 750 3465 probra
761 3385 903 3464 sequacis

239 3457 290 3547 (N
291 3480 380 3543 empc
390 3462 463 3525 tulit
472 3465 568 3528 fastus
580 3488 651 3530 ausa
661 3486 772 3549 rogare
783 3461 905 3554 prior),

16 3544 61 3624 Ι
