2220 3846
76 243 120 308 28
374 224 736 300 euoenn'rll'

121 438 149 530 8
164 437 310 550 Eripitur
320 471 411 529 nobis
421 467 613 547 iampridem
624 464 820 543 carapuella‚

202 556 244 614 Et
254 561 289 614 tu
299 573 348 612 me
358 553 500 613 lacrimas
511 548 655 626 fundere,
670 549 777 627 amice,
788 557 884 611 vetas.

163 637 274 699 Nullae
288 644 359 697 runt
369 636 549 696 inimicitiae
558 634 619 691 nisi
631 634 744 690 amoris
756 636 906 694 acerbae:

205 723 307 802 Ipsum
317 740 366 781 me
377 718 492 797 iugula,
505 716 609 777 lenior
619 716 719 775 hostis
732 734 796 776 ero.

124 817 141 866 5
162 800 292 866 Possum
303 824 360 883 ego
372 804 405 861 in
417 801 544 862 alterins
554 801 686 879 positam
698 806 842 879 spectare
852 800 999 862 lacerto?

203 890 270 948 Nec
279 907 348 947 mea
359 886 491 962 dicetur,
504 902 582 962 quae
593 882 685 943 modo
698 883 781 943 dicta
791 903 861 943 mea
872 887 947 945 est?
982 958 985 962 Α

164 974 274 1033 Omnia
284 978 463 1031 vertuntur:
486 975 573 1027 certe
584 973 748 1027 vertuntur
759 986 898 1028 amores:

154 1044 163 1052 ”
203 1053 537 1130 Vincerisautvincis,
559 1052 637 1110 haec
648 1053 681 1109 in
692 1069 796 1110 amore
806 1059 877 1112 rota
889 1060 948 1114 est.

163 1141 270 1218 Magni
282 1156 375 1218 saepe
387 1137 492 1214 duces,
505 1136 606 1213 magni
617 1133 761 1193 cecidere
772 1139 910 1214 tyranni,

110 1233 145 1284 lo
205 1225 247 1283 nt
259 1223 388 1282 Thebae
400 1225 558 1280 steterunt
569 1217 693 1296 altaque
706 1218 802 1277 Troia
813 1220 883 1280 fuit.

163 1307 297 1367 Munera
309 1313 422 1384 quanta
433 1302 507 1363 dedi
519 1300 571 1362 rel
584 1301 684 1380 qualia
697 1304 832 1382 carmina
842 1304 923 1364 feci!

200 1389 260 1464 ,illa
273 1395 378 1448 tamen
387 1406 551 1466 numquam
563 1386 669 1444 ferrea
680 1383 756 1446 dixit
767 1386 854 1448 Amo.

165 1517 249 1593 Ergo
261 1516 321 1574 iam
331 1514 445 1575 multos
456 1516 583 1574 nimium
594 1515 777 1573 temerarius
788 1533 895 1594 annos,

205 1598 357 1679 Improba,
370 1594 423 1678 qui
434 1597 559 1658 tulerim
571 1604 667 1676 teque
677 1605 822 1677 tuamque
834 1596 968 1662 domum.

112 1734 147 1784 15
167 1725 379 1804 Ecquandone
390 1729 450 1787 tibi
460 1727 543 1786 liber
556 1746 621 1785 rum
633 1725 739 1784 visus?
760 1745 800 1784 an
808 1744 907 1805 nsque

207 1809 242 1868 ln
256 1817 396 1870 nostrum
405 1811 500 1869 iacies
509 1810 605 1869 verba
617 1811 750 1888 superba
761 1811 875 1890 caput?

166 1937 218 1996 Sic
228 1938 323 2015 igitur
333 1939 434 2018 prima
443 1940 578 1999 moriere
591 1944 703 2017 aetate,
715 1938 886 2017 Properti?

205 2019 269 2080 Sed
279 2040 413 2099 morere,
425 2024 555 2082 interitu
565 2021 696 2101 gandeat
705 2020 759 2082 illa
769 2028 832 2081 tuo.

164 2105 308 2181 Exagitet
318 2111 442 2163 nostros
453 2105 574 2182 Manes,
586 2111 724 2166 sectetur
735 2112 768 2164 et
778 2105 914 2182 umbras,

109 2197 146 2247 20
207 2186 401 2266 Insultetque
413 2190 507 2266 rogis,
521 2188 620 2249 calcet
631 2197 664 2249 et
675 2207 743 2249 ossa
752 2207 829 2247 mea.

168 2269 273 2346 Quid?
293 2291 356 2330 non
366 2273 537 2350 Antigones
549 2272 666 2333 tumulo
677 2273 822 2332 Boeotius
833 2269 974 2330 Haemon

207 2353 334 2414 Corruit
345 2356 414 2435 ipsc
425 2375 480 2415 suo
493 2358 612 2416 saucius
625 2375 700 2416 ense
710 2353 792 2415 latus

163 2438 206 2497 Et
216 2457 270 2496 sua
281 2458 349 2498 cum
361 2441 493 2499 miserae
503 2441 685 2519 permiscuit
695 2459 765 2500 ossa
773 2437 909 2519 puellae,

205 2521 272 2597 Qua
285 2524 352 2581 sine
364 2523 543 2582 Thebanam
554 2523 654 2583 noluit
664 2524 712 2583 ire
725 2522 871 2582 domum?

108 2654 144 2705 25
166 2644 230 2705 Sed
240 2666 303 2706 non
317 2649 463 2726 effugies:
485 2669 604 2710 mecum
615 2651 757 2710 moriaris
769 2657 909 2728 oportet:

202 2730 271 2791 Hoc
284 2731 395 2792 eodem
406 2733 492 2793 ferro
504 2733 602 2794 stillet
614 2741 747 2811 uterque
759 2752 859 2791 cruor.

162 2813 304 2888 Quamvis
315 2813 459 2877 ista'mihi
471 2838 554 2878 mors
566 2823 615 2877 est
624 2817 790 2876 inhonesta
799 2815 914 2893 futura,

202 2897 290 2958 Mors
300 2901 465 2960 inhonesta
477 2899 612 2978 quidem,
626 2907 661 2959 tu
672 2902 808 2959 moriere
818 2905 931 2958 tamen.

43 3010 46 3015 ·
160 2979 218 3040 ille
230 2984 322 3043 etiam
333 2986 462 3062 abrepta
473 2982 615 3043 desertus
629 2986 759 3062 coniuge
771 2982 911 3042 Achilles

105 3072 143 3125 30
203 3066 335 3127 Cessare
346 3069 379 3125 in
390 3067 483 3125 tectis
492 3066 624 3146 pertulit
635 3088 718 3126 arma
730 3087 792 3127 sua.

162 3149 294 3211 Viderat
304 3149 358 3209 ille
370 3149 443 3226 fuga
453 3148 568 3209 fractos
579 3152 612 3209 in
623 3151 718 3210 litore
729 3151 875 3226 Achivos,

200 3231 341 3292 Ferverc
353 3238 385 3290 et
396 3231 553 3292 Hectorea
564 3234 677 3294 Dorica
689 3241 790 3294 castra
801 3234 882 3311 face,

160 3314 293 3377 Viderat
303 3315 469 3375 informem
480 3316 575 3376 multa
585 3317 755 3377 Patroclon
767 3335 863 3377 arena

200 3396 384 3456 Porrectum
395 3405 428 3457 et
439 3418 558 3478 sparsas
571 3400 666 3461 caede
677 3403 782 3461 iacere
795 3419 908 3478 comas,

16 3540 51 3592 ι
105 3489 141 3540 35
163 3480 272 3539 Omnia
285 3481 453 3542 formosam
464 3491 594 3565 propter
605 3484 747 3544 Briseida
757 3504 882 3564 passus
