2220 3846
430 215 791 282 PROPERTII

261 385 420 466 Silenique
432 404 523 446 senes
534 390 568 444 et
576 389 666 464 pater
676 385 743 463 ipse
755 382 853 461 chori,
970 420 973 424 ι

218 472 295 534 (ium
308 472 416 550 quibus
427 468 519 530 Idaeo
530 467 634 546 legisti
644 486 735 547 poma
745 468 801 526 snb
813 471 914 547 rutro,

164 564 198 618 40
259 549 789 635 SupposiiaexcipienrNaicadona
799 558 900 613 manu.
962 560 965 565 ’

217 641 267 700 An
278 639 438 718 quisquam
447 638 480 695 in'
490 641 576 695 tanto
588 636 765 714 stuprorum
776 635 916 695 erimine
928 639 1051 716 quaerit

259 721 335 783 ‘Gur
345 722 495 780 bacciam
507 718 616 778 dives?
638 717 706 796 quis
719 714 828 777 dedit?
850 717 935 780 unde
947 719 1064 782 dediti’

188 856 191 861 .
216 806 379 866 Onimium
390 810 496 864 nostro
508 801 631 861 felicem
644 807 785 881 tempore
795 800 934 880 Romam,
984 814 989 819 '

257 888 291 948 Si
305 883 831 963 contrornoresunapuellniaoiii·v
886 892 890 899 ’
951 894 954 901 ’

163 982 197 1034 45
218 972 305 1057 Hqco
316 968 425 1030 eadem
435 974 506 1030 ante
517 967 603 1029 illam
612 968 727 1048 in'pune
739 974 772 1027 et
780 967 894 1028 Lesbia
904 969 997 1030 feoitz

258 1056 343 1131 Quae
352 1055 504 1133 sequitur,
512 1058 603 1113 'certe
614 1058 662 1111 eoi
672 1051 823 1112 invidiosa·
832 1054 947 1113 minus:
959 1088 963 1095 ·

217 1139 276 1215 Qui
288 1139 410 1217 quaerit
422 1136 529 1196 Tatios
539 1142 663 1197 veteres
675 1133 988 1215 durosque·Sibinos,·

258 1223 318 1281 Hic
327 1223 431 1301 posuit
441 1225 547 1280 nostra
557 1219 788 1299 nuperinu'rbe
798 1217 920 1298 pedem.

217 1308 267 1367 Tu
299 1306 363 1364 rius
375 1311 408 1364 ei
417 1305 528 1364 fluctus
539 1304 657 1382 poteris
668 1303 931 1363 siccare'marinos
990 1314 993 1319 ’

162 1396 198 1448 50
260 1325 394 1465 Altaque
408 1383 532 1446 mortali
544 1384 682 1464 deligere
696 1392 778 1446 astra
788 1405 888 1463 manu,

217 1471 313 1546 Quum
323 1470 439 1548 iacere,
453 1475 488 1528 ut
498 1474 622 1529 nostroe
633 1469 734 1530 nolint
742 1487 874 1550 peccare
885 1465 1022 1549 puellae:

256 1554 316 1616 Hic
326 1573 391 1613 mor
403 1553 535 1613 Saturno
547 1571 642 1631 regna
652 1559 781 1613 tenente
791 1554 862 1630 fuit,

165 1704 168 1709 ,
213 1637 255 1696 Et
267 1657 335 1698 cum
345 1632 542 1697 Deucalionis
554 1655 649 1715 aquae
662 1638 781 1696 fluxere
790 1654 849 1717 per
861 1637 980 1712 orbem,

253 1721 295 1780 Et
308 1727 378 1800 post
393 1722 531 1799 antiquas
543 1719 739 1780 Deucalionis
749 1738 851 1798 aquas.

162 1809 197 1864 55
218 1801 275 1863 Dio
286 1804 371 1880 mihi,
384 1805 451 1883 quis
462 1805 564 1883 potuit
575 1801 692 1865 lectum
701 1801 992 1882 seruarepudicunr,

253 1886 489 1962 ,Quao'dcacum
497 1884 853 1949 soloviveresoladeoi

212 1969 349 2031 Uxorem
359 1969 513 2050 quondam
521 1972 623 2048 magni
633 1971 913 2048 Miniczutniunt,

255 2054 403 2132 Corrupit
413 2055 494 2114 torvi
505 2052 634 2114 candida
646 2053 855 2116 forma-bovis.

212 2133 278 2196 Nec
288 2137 387 2195 minus
399 2141 503 2196 aerato
513 2136 617 2198 Danae
629 2137 816 2199 circumdata
825 2154 913 2197 muro

158 2226 193 2280 60
252 2218 321 2278 Non
332 2220 434 2298 potuit
443 2237 552 2298 magno
566 2227 649 2282 casta
660 2239 774 2300 negare
786 2219 852 2279 deo.

213 2300 302 2379 Quod
313 2303 339 2362 si
350 2309 384 2364 tu
394 2303 503 2364 Graias
513 2310 608 2382 tuque
622 2323 656 2365 es
667 2306 785 2365 imitata
793 2303 930 2379 Latinas,

162 2415 166 2425 ·
252 2383 381 2468 Semper
391 2389 458 2448 vive
468 2406 537 2448 meo
548 2387 647 2449 libero
662 2387 787 2450 iudicio.
881 2422 883 2427 ·

140 2515 192 2608 31
212 2515 331 2611 Tristia
345 2553 404 2612 ianr
415 2552 549 2614 redeunt
559 2557 672 2616 iterum
682 2553 844 2615 sollemnia
856 2551 962 2613 nobis:
1023 2512 1072 2604 33

253 2635 385 2714 Cynthia
396 2637 455 2697 iam
466 2644 573 2698 noctes
585 2645 634 2698 est
645 2644 772 2718 operata
783 2637 900 2697 decem.

209 2719 313 2798 Atque
324 2720 439 2781 utinam
448 2729 568 2802 pereat,
577 2722 647 2783 Nilo
661 2741 739 2801 quae
750 2741 838 2783 sacra
847 2724 976 2798 tepente

249 2803 339 2862 Misit
349 2807 497 2865 matronis
507 2806 626 2867 inachi
637 2804 796 2867 Ausoniis!

170 2891 187 2943 5
210 2885 295 2963 Quae
307 2884 365 2945 dea
376 2893 439 2947 tam
449 2889 576 2966 cupidos
585 2891 701 2949 totiens
713 2888 818 2949 divisit
828 2885 989 2947 ornantes?

249 2968 464 3046 Quaecumque
475 2970 530 3029 illa
539 2971 608 3048 fuit,
620 2989 743 3052 semper
755 2990 856 3032 amara
866 2970 936 3030 fuit.

209 3051 259 3110 Tu
270 3057 357 3110 certe
367 3046 446 3111 Iovis
457 3051 589 3130 occultis
598 3056 631 3113 in
642 3058 807 3132 amoribus,
817 3054 862 3130 lo,

247 3133 389 3211 Sensim,
401 3132 511 3196 multas
523 3136 597 3218 quid
608 3140 649 3198 sit
661 3141 742 3201 inire
751 3141 826 3215 vias,
909 3215 912 3219 ¹

208 3217 285 3277 Cum
295 3223 328 3276 te
338 3219 428 3279 iussit
437 3220 553 3281 habere
563 3221 699 3301 puellam
710 3241 825 3284 cornuo
835 3221 910 3281 iuno

154 3310 188 3361 10
247 3301 290 3359 Et
299 3303 423 3379 pecoris
436 3301 512 3363 duro
523 3305 658 3384 perdere
670 3309 764 3367 verba
776 3324 861 3365 sono.

206 3383 257 3443 Ah
269 3385 412 3462 quotiens
424 3390 549 3465 quernis
559 3389 678 3450 laesisti
688 3389 853 3450 frondibus
865 3385 935 3446 orci

246 3467 391 3531 Mansisii
402 3468 530 3533 stabulis
542 3471 644 3535 abdita
654 3481 743 3555 pasta
753 3473 824 3533 tuis.
