2220 3846
107 221 148 289 78
405 212 766 279 PROPERTII
843 226 846 231 ·

121 437 176 533 16
191 432 467 547 Nunc,cBaccbe‚
478 465 541 526 tuis
551 462 683 525 humiles
694 461 887 527 advolvimur
897 469 976 530 aris:
1008 435 1037 529 1⁵1

231 553 278 612 Da
288 551 364 611 mibi
374 555 483 630 pacate
493 548 562 609 vela
572 547 718 625 secunda,
729 553 831 627 pater.

192 636 243 698 Tu
253 641 343 716 potes
353 635 479 694 insanae
490 632 626 694 Veneris
639 649 840 711 compescere
851 634 964 714 fastus,

234 720 447 797 curarumque
456 723 511 777 tuo
521 717 559 776 fit
569 714 723 775 medicina
732 732 830 778 merc.
1011 789 1014 793 ἡ

154 814 170 868 5
190 801 253 864 Per
264 809 297 862 te
309 803 488 879 iunguntur,
498 817 557 879 per
567 805 600 859 te
612 797 771 859 solvuntur
782 806 938 862 amantes:

232 886 282 946 Tu
292 885 400 944 vitium
411 901 450 943 ex
459 884 559 942 animo
572 881 666 960 dilue,
677 881 810 960 Bacche,
821 903 903 946 mec.

102 960 106 968 ’
192 968 241 1030 Te
253 986 376 1048 quoque
388 967 471 1027 enim
481 985 544 1026 non
555 983 625 1025 esse
635 964 745 1025 rudem
755 970 892 1028 testatur
901 968 936 1026 in
947 967 1027 1027 astris

232 1052 388 1132 Lyneibus
399 1050 438 1110 ad
449 1047 567 1110 caelum
578 1054 668 1108 vecta
677 1047 815 1109 Ariadna
825 1052 898 1111 tuis.

190 1137 260 1197 Hoc
271 1135 357 1213 mihi,
374 1132 457 1213 quod
466 1139 590 1193 veteres
603 1130 738 1192 custodit
750 1132 784 1190 in
793 1135 915 1194 essibus
925 1134 1016 1212 ignes,

139 1230 173 1283 10
233 1220 358 1281 Funera
373 1218 522 1278 sanabunt
533 1221 585 1276 aut
597 1222 649 1276 tua
658 1216 729 1276 vina
738 1214 859 1276 malum.

193 1298 324 1382 Semper'
335 1303 418 1362 enim
428 1319 538 1362 vacuos
549 1320 610 1361 nox
621 1300 725 1360 sobria
736 1305 865 1379 torquet
877 1306 1014 1376 amantes,

233 1385 374 1464 Spesque
385 1386 541 1462 timorque
555 1385 687 1443 animum
701 1389 805 1444 versat
816 1390 951 1465 utroque
960 1381 1037 1444 mcic

191 1467 282 1545 Quod
291 1468 329 1543 si,
338 1465 470 1544 Beccbe,
481 1468 543 1526 tui
553 1485 612 1546 per
622 1466 744 1528 fervida
753 1472 896 1547 tempora
906 1468 992 1529 denis

232 1551 832 1628 Accersituseritscmnusinossamea,

139 1644 170 1696 15
191 1634 262 1715 lpse
273 1653 373 1694 seram
382 1635 463 1694 vites
473 1651 663 1714 pangamque
675 1652 713 1693 ex
724 1633 834 1694 ordine
846 1633 955 1713 celles,

234 1719 317 1795 Ques
329 1723 457 1798 carpant
466 1706 572 1778 nullae
582 1735 632 1777 me
642 1715 791 1795 vigilante
801 1719 900 1780 ferae.

191 1801 269 1861 Dum
280 1799 371 1860 modo
382 1819 540 1881 purpureo
552 1807 695 1880 spument
704 1802 780 1861 mihi
792 1799 992 1879 belismum,

231 1885 273 1946 nt
285 1903 363 1944 nove
372 1886 544 1963 pressantis
553 1884 697 1964 inquinet
706 1903 764 1944 uva
772 1885 883 1964 pedes,

192 1967 282 2044 Quod
293 1973 438 2048 superest
447 1970 528 2029 vitae
538 1986 597 2046 per
606 1977 640 2028 te
651 1973 685 2028 et
694 1973 747 2027 tua
759 1971 986 2047 cormaricum,

137 2061 171 2113 20
232 2050 429 2129 virtutisque
439 2056 522 2128 tuae,
532 2051 664 2129 Bacche,
675 2056 769 2131 poeta
778 2052 874 2115 ferar.

190 2133 297 2192 Dicam
308 2137 367 2210 egc'
377 2139 532 2192 maternos
544 2134 683 2194 Aetnaeo
693 2133 823 2194 fulmine
832 2142 953 2215 pertus,

231 2214 336 2277 Indice
348 2216 477 2294 Nysaeis
489 2235 572 2276 erma
581 2217 686 2296 fugata
697 2219 810 2294 choris,

190 2299 406 2379 vesanumque
417 2319 495 2361 nova
504 2302 690 2381 nequiquam
700 2303 733 2363 in
742 2302 805 2361 vite
815 2299 994 2381 Lycurgum,

215 2383 388 2445 ⁹Pentheos
398 2386 431 2445 in
441 2384 582 2466 triplices
592 2386 704 2446 funera
714 2391 801 2464 grata
810 2403 946 2465 greges,¹

137 2477 171 2530 25
193 2468 355 2549 curvaque
367 2469 550 2549 'Rymheuca
560 2468 994 2549 delphinumccrpcranautas

228 2552 350 2613 Invada
358 2555 521 2633 pampinea
531 2551 696 2613 desiluisse
706 2560 786 2631 rate,

188 2636 231 2696 Et
240 2637 299 2696 tibi
310 2654 368 2716 per
382 2636 514 2697 mediam
525 2637 606 2696 bene
619 2634 736 2696 olentia
745 2638 872 2697 flumina
882 2635 993 2711 Naxon,

103 2729 107 2738 '
227 2719 320 2780 Unde
330 2727 416 2781 tuum
425 2727 534 2800 potant
543 2718 638 2782 Naxia
647 2723 740 2781 turba
749 2739 878 2782 merum.

190 2803 329 2864 cmdida
338 2803 448 2864 laxatis
459 2809 587 2865 onerato
599 2803 678 2864 colla
688 2805 843 2880 corymbis

135 2896 170 2949 30
231 2887 345 2963 cinget
354 2888 528 2946 Bassaricas
539 2884 638 2962 Lydia
648 2886 740 2941 mitra
751 2901 864 2965 cemes,

189 2967 281 3028 Levia
294 2967 423 3027 odorato
434 2968 538 3025 cervix
546 2963 682 3024 'manabit
693 2961 787 3041 clivo,

229 3050 271 3109 Et
282 3048 378 3108 feries
389 3046 488 3107 nudos
498 3054 586 3108 veste
596 3048 714 3109 fluente
725 3047 833 3129 pedes.

189 3131 300 3193 Mollia
309 3133 459 3193 Dircaeae
491 3130 636 3193 ulsabunt
646 3138 790 3214 tympana
802 3133 944 3214 Thebae,

232 3215 424 3296 Capripedes
436 3152 552 3277 eufamo
563 3218 663 3277 Panes
676 3220 782 3278 hiante
794 3225 919 3297 canent,

70 3351 73 3358 .
134 3307 169 3361 35
189 3297 319 3362 Vertice
330 3302 486 3379 turrigero
499 3303 583 3362 iuxta
593 3300 651 3361 dea
661 3322 769 3381 magna
781 3301 910 3380 Cybebe

232 3383 359 3444 Tundet
370 3383 410 3444 ad
422 3383 530 3445 Idaeos
542 3385 681 3466 cymbula
692 3405 784 3447 rauca
795 3386 918 3446 choros.

188 3471 271 3531 Ante
282 3470 369 3531 fores
378 3468 490 3551 templi
500 3478 603 3532 crater
614 3471 760 3532 antistitis
772 3488 847 3528 auru
