2220 3846
152 227 194 291 6⁰
448 219 811 284 PROPERTII

183 402 217 456 55
236 392 417 469 Fortunata,
432 408 501 450 meo
513 391 539 450 ai
552 408 611 469 qua
623 394 672 448 est
682 387 840 448 celebrata
849 385 979 450 libello!
1079 401 1104 456 15

278 476 421 535 Carmina
434 476 526 533 erunt
537 474 654 533 formae
665 478 714 532 tot
724 474 912 532 monimenta
923 480 1009 538 tuae.

137 613 140 621 .
236 559 312 619 Nam
323 577 426 637 neque
436 556 634 636 Pyramidum
645 562 782 635 sumptus
793 555 947 617 ad'aidcra
960 557 1058 640 ducti,

277 644 343 702 Nec
353 642 432 703 Iovis
442 640 513 702 Elei
528 641 645 701 caelum
655 641 773 699 imitata
785 638 903 718 domno,

140 766 149 782 ,
237 726 305 786 Nec·
312 725 465 787 Mausolei
477 724 562 785 dives
574 726 699 784 fortuna
710 721 845 804 sepulcri

182 819 217 873 60
278 810 392 873 Mortis
409 811 445 869 ab
458 815 595 868 extrema
607 806 788 867 condicione
800 814 918 869 vacant.
1077 822 1104 874 ιο

237 895 300 953 Aut
309 891 373 951 illia
384 894 504 952 flamma
515 898 567 951 aut
577 893 676 951 imber
688 890 840 952 subducet
850 893 1000 976 honores,

278 977 437 1036 Annorum
447 982 499 1035 aut
508 977 573 1035 ictu
582 975 722 1054 pondera
732 977 813 1035 victa
823 982 925 1039 ruent.

236 1061 279 1119 At
288 1078 350 1119 non
361 1061 486 1137 ingenio
499 1061 670 1138 quaesitum
680 1077 794 1119 nomen
805 1061 842 1119 ab
855 1079 929 1121 aevo

276 1142 423 1203 Excidet:
444 1144 569 1221 ingenio
581 1147 643 1202 stat
653 1143 720 1202 aine
731 1151 832 1204 morte
846 1142 949 1206 decus.

191 1277 220 1370 2
234 1273 428 1369 visurorum
438 1308 524 1369 molli
535 1311 686 1368 recubans
697 1308 860 1371 Heliconis
870 1312 903 1370 in
914 1314 1034 1390 umbra,
1083 1277 1105 1369 3

277 1391 535 1472 Bellerophontei
547 1412 606 1471 qua
616 1393 685 1452 fluit
695 1394 807 1454 humor
819 1397 902 1473 equi,

235 1476 348 1554 Regea,
361 1474 451 1552 Alba,
462 1482 532 1535 tuor
544 1483 577 1536 et
587 1486 694 1555 regum
707 1477 790 1537 facta
799 1484 933 1555 tuorum,

278 1559 411 1619 'fautum
423 1561 538 1640 operis,
549 1561 653 1620 nervis
665 1561 789 1621 hiscere
799 1580 892 1642 posse
903 1562 996 1638 meir,

199 1649 216 1702 5
237 1644 396 1723 Parvaque
408 1649 470 1702 tam
481 1647 598 1723 magnis
611 1643 767 1705 admoram
777 1645 916 1705 fontibus
928 1664 995 1723 ora,

275 1727 367 1788 Unde
377 1734 468 1807 pater
479 1729 588 1788 sitien·
598 1729 717 1788 Ennius
729 1736 801 1789 autc
813 1730 901 1801 bibit,

234 1811 277 1871 Et
288 1813 387 1871 cecini
399 1812 509 1871 Curios
520 1813 636 1872 iratres
649 1820 682 1872 et
692 1813 822 1873 Horatia
833 1811 909 1897 pila,

275 1895 434 1973 Regiaqnc
444 1895 578 1955 Aemilia
588 1902 676 1956 vecta
686 1902 814 1977 tropaea
824 1903 905 1974 rate,

154 1990 158 1995 '
235 1977 452 2058 victricesque
463 1999 564 2039 moras
574 1980 663 2040 Fabii
673 1998 868 2060 pugnamque
882 1981 1041 2042 sinistram

181 2069 217 2121 lo
279 2062 474 2122 Cannensem
485 2068 518 2122 et
527 2081 634 2122 versos
646 2062 684 2123 ad
694 2065 747 2144 pia
755 2070 826 2125 vota
838 2062 925 2140 deor,

235 2144 502 2224 Hannibalemque
512 2145 610 2206 Larea'
619 2147 756 2206 Romana
768 2145 843 2208 sede
854 2142 1027 2226 fugantes,'

277 2228 405 2288 Anseris
418 2234 451 2289 et
464 2235 564 2289 tutum
574 2249 650 2290 voce
660 2230 759 2291 iniere
769 2232 887 2303 lovem;

236 2310 314 2371 Gom
324 2331 373 2372 me
385 2313 520 2374 Castalia
534 2314 695 2394 speculans
708 2332 746 2375 ex
757 2315 868 2374 arbore
879 2314 1027 2377 Phoebus

275 2395 326 2455 Sic
340 2398 383 2457 ait
394 2403 499 2458 aurata
509 2400 597 2458 nixus
609 2398 648 2457 ad
659 2404 748 2457 antra
759 2396 844 2477 lyraz

59 2534 62 2539 ,
182 2486 215 2538 15
237 2478 331 2554 ‘Quid
341 2481 399 2542 tibi
411 2500 479 2541 cum
489 2480 556 2559 tali,
572 2481 710 2558 demens,
721 2486 771 2541 est
781 2482 933 2541 fluminei
955 2483 1064 2562 quiete

225 2612 228 2618 .
275 2564 427 2624 Carminis
437 2565 528 2624 heroi
539 2572 667 2643 tangere
679 2566 770 2625 iussit
781 2565 882 2645 opus?

233 2646 302 2706 Non
313 2646 364 2705 hic
376 2644 438 2706 ulla
449 2649 508 2708 tibi
518 2642 672 2729 operanda
683 2654 732 2708 est
745 2649 836 2727 fama,
847 2649 1011 2729 Properti:

161 2725 164 2733 ’
273 2728 385 2790 Mollia
396 2736 467 2791 suut
478 2734 581 2811 parvis
590 2738 680 2813 prata
690 2730 823 2792 terenda
834 2733 923 2815 rotis,

85 2882 88 2887 q
232 2813 276 2874 Ut
286 2816 534 2876 tuusinscamno
544 2818 677 2876 iactetur
689 2835 783 2897 saepe
792 2814 933 2893 libellus,

180 2903 215 2955 20
279 2897 377 2975 Quem
388 2898 472 2978 legat
482 2907 648 2978 expectans
660 2900 725 2960 sola
737 2898 845 2981 puella
854 2901 965 2960 virum.

233 2980 297 3041 Gur
307 2989 359 3042 tua
369 2984 564 3062 praescripto
579 2989 702 3042 revecta
713 2991 762 3043 eat
772 2985 884 3065 pagina
897 2981 999 3062 gyroi

272 3065 343 3125 Non
354 3072 402 3124 eat
412 3066 530 3141 ingenii
542 3067 649 3143 cymba
660 3068 814 3144 gravanda
823 3068 881 3128 tui.

232 3146 324 3209 Alter
335 3166 439 3207 remus
451 3167 553 3226 aquas,
567 3148 646 3208 alter
657 3152 714 3210 tibi
726 3150 815 3211 radat
826 3169 955 3210 arenas:

274 3231 374 3290 Tutus
388 3232 465 3289 eris:
488 3231 590 3292 medio
603 3234 730 3293 maxima
740 3237 833 3295 turba
843 3235 922 3295 mari
934 3235 1006 3293 eat?

49 3326 54 3335 ·
177 3320 211 3373 2⁵
233 3314 371 3390 Dixerat,
384 3319 417 3372 et
425 3311 549 3394 plectro
562 3316 668 3376 oedem
678 3319 754 3378 mibi
764 3323 919 3393 monstrat
930 3318 1061 3393 eburno,

272 3397 339 3475 Qua
350 3416 428 3457 nova
439 3417 578 3459 muscoso
591 3402 700 3461 semita
709 3403 792 3462 iacta
803 3399 872 3462 eolo
884 3408 943 3464 est.

215 3528 218 3535 .
229 3481 290 3543 Hic
301 3487 369 3543 erat
380 3482 479 3544 affinis
490 3483 598 3547 viridis
610 3484 756 3566 spelunca
766 3484 895 3565 lapillis,
