2220 3846
135 224 178 289 34
431 212 794 282 Puoruuull

125 458 127 463 ⁵
178 433 293 530 llNon
304 471 348 530 ita
359 467 513 529 Dardanio
525 466 644 544 gavisu
656 463 767 523 Atrida
777 465 935 545 triumpho
948 471 1009 544 est,
1040 429 1081 524 l‘l

171 598 175 607 ·
264 554 341 614 Cum
353 552 502 613 caderent
512 567 638 626 magnae
650 546 872 608 Laomedontis
884 567 973 630 opes,

221 636 287 698 Nec
298 639 342 696 sic
354 653 463 696 errore
475 639 582 692 exacto
592 632 724 691 laetatus
735 630 854 710 Ulixes,

264 721 341 780 Cum
351 720 457 797 tetigit
469 734 557 777 carae
568 714 661 774 litora
672 712 845 793 Dulichiae,
935 774 939 782 ,

186 814 202 865 5
222 803 288 864 Nec
299 805 344 862 sic
354 802 490 877 Electra,
501 798 617 858 'salvum
629 800 827 878 cumspexit
838 799 985 878 Oresten,

264 886 358 946 Cuius
369 884 447 943 salsa
456 890 567 942 tenens
578 883 708 941 fleverat
719 900 788 941 ossa
798 886 900 959 soror,

223 969 288 1029 Nec
301 969 345 1027 sic
356 964 540 1027 incolumem
551 966 666 1025 Minois
678 964 902 1042 Thesearidit,
1007 979 1015 988 ·

262 1049 450 1111 Daedaleum
463 1047 529 1109 lino
542 1068 610 1107 cum
621 1047 699 1107 duce
710 1050 792 1108 rexit
803 1050 875 1126 iter,

225 1135 344 1211 Quanta
355 1152 412 1212 ego
423 1133 593 1213 praeterita
605 1130 718 1209 collegi
729 1131 839 1209 gaudia
848 1138 959 1193 nocte:

170 1228 204 1279 10
264 1217 438 1279 Inmortalis
450 1237 515 1294 ero,
528 1216 554 1274 si
566 1214 663 1274 ultera
672 1213 745 1275 talis
756 1217 827 1277 erit.

225 1302 268 1360 Aa
279 1299 350 1360 dum
362 1301 502 1360 demissis
514 1298 643 1378 supplex
655 1299 827 1359 cervicibus
837 1302 929 1379 ibam,

263 1384 397 1444 Dicebar
408 1385 489 1442 sicco
501 1381 592 1441 vilior
603 1400 672 1441 esse
683 1380 761 1444 lacu.

224 1467 289 1526 Nec
301 1467 377 1525 mihi
386 1468 445 1525 iam
457 1466 554 1525 fastus
566 1485 725 1544 opponere
738 1468 860 1545 quaerit
871 1467 1005 1547 iniquos,

264 1550 329 1609 Nec
340 1550 415 1610 mihi
427 1549 561 1630 ploranti
574 1548 659 1609 lenta
669 1549 782 1610 sedere
793 1557 907 1631 potest.

171 1644 203 1695 15
226 1635 329 1712 Atque
341 1636 456 1693 utinam
465 1653 528 1693 non
539 1640 600 1694 tom
611 1652 682 1692 sero
694 1635 769 1694 mihi
779 1640 853 1694 nota
862 1635 975 1696 fuisset

266 1717 429 1788 Condicio!
451 1719 550 1777 cineri
560 1736 642 1776 nunc
652 1716 805 1778 medicina
815 1718 916 1779 datur.

224 1802 306 1861 Ante
317 1801 414 1881 pedes
427 1803 526 1861 caecis
536 1800 661 1861 lucebat
670 1803 779 1862 semita
788 1805 894 1862 nobist

265 1884 394 1945 Scilicet
404 1887 511 1945 insano
524 1904 613 1945 nemo
625 1887 659 1944 in
665 1905 773 1955 ¹amore
784 1886 878 1947 videt.

223 1969 292 2028 Hoc
304 1971 387 2029 sensi
397 1968 548 2049 prodesse
559 1970 670 2047 magis:
693 1971 894 2049 contemnite,
908 1977 1050 2031 amantes:

170 2060 205 2112 20
267 2052 319 2111 Sic
331 2052 425 2111 hodie
436 2055 551 2128 veniet,
563 2054 590 2111 si
601 2072 659 2130 qua
669 2055 793 2131 negavit
803 2054 882 2113 heri.

223 2132 392 2194 Pulsabant
403 2133 456 2194 alii
467 2135 583 2194 frustra
594 2134 808 2217 dominamque
818 2139 984 2199 vocabant:
1046 2208 1051 2214 ¹
1102 2176 1104 2197 .

265 2217 389 2277 Mecum
400 2219 507 2278 habuit
517 2220 650 2300 positum
660 2219 745 2280 lenta
755 2219 859 2301 puella
869 2229 973 2300 eaput.
1102 2220 1104 2229 '

224 2300 311 2360 Haec
320 2302 396 2361 mihi
408 2302 536 2364 devictis
546 2303 651 2382 potior
661 2305 790 2364 victoria
799 2304 936 2382 Parthis,

262 2385 348 2445 Haec
359 2385 467 2468 spolia,
477 2387 554 2446 haec
566 2405 667 2464 reges,
679 2388 756 2446 haec
766 2388 842 2448 mihi
853 2407 962 2448 currus
973 2393 1066 2448 erunt.

170 2475 204 2528 25
224 2468 337 2546 Magna
348 2489 405 2549 ego
418 2471 499 2530 dona
508 2478 561 2530 tua
570 2471 671 2549 figam,
683 2472 851 2550 Cytherea,
862 2472 1012 2551 columna,

266 2552 406 2632 'saleque
418 2555 473 2612 sub
484 2560 591 2612 nostro
603 2556 726 2614 nomine
738 2574 862 2615 carmen
874 2559 951 2617 erit:

224 2635 299 2694 ‘llas
309 2656 391 2716 pono
405 2643 476 2695 ante
490 2642 557 2696 tuas
568 2638 636 2715 tibi,
649 2636 728 2716 diva,
738 2638 923 2720 Propertius
934 2639 1027 2700 aedes

263 2719 404 2798 Exuvias,
416 2726 482 2781 tota
492 2727 584 2781 noete
594 2729 740 2802 receptus
752 2728 876 2783 amans?

221 2802 309 2862 Nunc
321 2802 360 2862 ad
370 2811 414 2881 te,
427 2824 496 2864 mea
506 2803 568 2881 lux,
579 2807 682 2865 veniat
693 2825 761 2865 mea
770 2805 866 2866 litore
877 2807 962 2867 navis

167 2892 201 2945 30
263 2885 404 2944 Servata:
427 2908 464 2946 an
477 2888 588 2947 mediis
600 2887 680 2949 sidat
691 2896 801 2951 onusta
810 2889 918 2949 vadis?

222 2966 312 3044 Quod
324 2970 349 3026 si
362 2969 445 3027 forte
458 2970 559 3047 aliqua
569 2972 657 3032 nobis
669 2976 828 3033 mutabere
840 2971 940 3053 culpa,

263 3051 461 3112 Vestibulum
471 3055 585 3114 iaceam
596 3063 733 3117 mortuus
745 3062 817 3117 ante
828 3062 923 3117 tuum.

180 3183 203 3272 7
224 3181 315 3278 llme
326 3220 466 3281 felicem!
490 3243 578 3283 onor
589 3225 664 3284 mihi
678 3223 819 3303 candida,
832 3229 942 3284 etotu
1037 3181 1083 3278 15

261 3303 390 3363 Lectule
403 3304 522 3366 deliciis
533 3309 615 3367 facte
627 3310 718 3376 heato
730 3311 823 3369 meis!

223 3387 318 3462 Quam
329 3387 423 3447 multa
434 3388 571 3468 adposita
582 3411 739 3453 narramus
750 3395 845 3453 verba
855 3390 994 3469 lucerna,

265 3471 444 3552 Quantaque
456 3473 573 3535 sublato
585 3472 702 3536 lumine
713 3479 780 3536 rixa
789 3475 866 3536 fuit!
