<?xml version="1.0" encoding="UTF-8"?>
<!DOCTYPE html PUBLIC "-//W3C//DTD XHTML 1.0 Transitional//EN"
    "http://www.w3.org/TR/xhtml1/DTD/xhtml1-transitional.dtd">
<html xmlns="http://www.w3.org/1999/xhtml" xml:lang="en" lang="en">
 <head>
  <title>
</title>
<meta http-equiv="Content-Type" content="text/html;charset=utf-8" />
  <meta name='ocr-system' content='tesseract 3.04.00' />
  <meta name='ocr-capabilities' content='ocr_page ocr_carea ocr_par ocr_line ocrx_word'/>
</head>
<body>
  <div class='ocr_page' id='page_1' title='image "./elegiae00propgoog_0118.png"; bbox 0 0 2220 3846; ppageno 0'>
   <div class='ocr_carea' id='block_1_1' title="bbox 331 195 1066 351">
    <p class='ocr_par' dir='ltr' id='par_1_1' title="bbox 331 195 1066 351">
     <span class='ocr_line' id='line_1_1' title="bbox 331 195 1066 351; baseline 0.015 -48"><span class='ocrx_word' id='word_1_1' title='bbox 331 243 709 325; x_wconf 44' lang='lat' dir='ltr'><strong>LIBERV‘osto</strong></span> <span class='ocrx_word' id='word_1_2' title='bbox 888 195 889 200; x_wconf 6' lang='grc' dir='ltr'><strong>Ἰ</strong></span> <span class='ocrx_word' id='word_1_3' title='bbox 944 248 1007 314; x_wconf 86' lang='grc'><strong>107</strong></span> <span class='ocrx_word' id='word_1_4' title='bbox 1062 341 1066 351; x_wconf 26' lang='grc' dir='ltr'>ι</span> 
     </span>
    </p>
   </div>
   <div class='ocr_carea' id='block_1_2' title="bbox 78 413 1085 992">
    <p class='ocr_par' dir='ltr' id='par_1_2' title="bbox 78 413 1085 992">
     <span class='ocr_line' id='line_1_2' title="bbox 173 413 884 494; baseline 0.006 -22"><span class='ocrx_word' id='word_1_5' title='bbox 173 414 237 473; x_wconf 87' lang='lat' dir='ltr'><strong>Ara</strong></span> <span class='ocrx_word' id='word_1_6' title='bbox 246 431 304 493; x_wconf 90' lang='lat' dir='ltr'><strong>per</strong></span> <span class='ocrx_word' id='word_1_7' title='bbox 315 413 392 492; x_wconf 86' lang='lat' dir='ltr'><strong>bas,&#39;</strong></span> <span class='ocrx_word' id='word_1_8' title='bbox 403 414 515 492; x_wconf 83' lang='lat' dir='ltr'><strong>inquit,</strong></span> <span class='ocrx_word' id='word_1_9' title='bbox 527 415 666 473; x_wconf 86' lang='lat' dir='ltr'><strong>maxima</strong></span> <span class='ocrx_word' id='word_1_10' title='bbox 677 415 758 474; x_wconf 85' lang='lat' dir='ltr'><strong>facta</strong></span> <span class='ocrx_word' id='word_1_11' title='bbox 767 435 884 494; x_wconf 83' lang='lat' dir='ltr'><strong>manus,</strong></span> 
     </span>
     <span class='ocr_line' id='line_1_3' title="bbox 132 479 920 598; baseline 0.005 -41"><span class='ocrx_word' id='word_1_12' title='bbox 132 496 219 557; x_wconf 88' lang='lat' dir='ltr'><strong>llaec</strong></span> <span class='ocrx_word' id='word_1_13' title='bbox 231 495 326 555; x_wconf 88' lang='lat' dir='ltr'><strong>nullis</strong></span> <span class='ocrx_word' id='word_1_14' title='bbox 338 516 480 598; x_wconf 81' lang='lat' dir='ltr'><strong>umquam</strong></span> <span class='ocrx_word' id='word_1_15' title='bbox 489 502 596 577; x_wconf 86' lang='lat' dir='ltr'><strong>pateat</strong></span> <span class='ocrx_word' id='word_1_16' title='bbox 601 479 782 558; x_wconf 85' lang='lat' dir='ltr'><strong>veneranda</strong></span> <span class='ocrx_word' id='word_1_17' title='bbox 795 497 920 580; x_wconf 77' lang='lat' dir='ltr'>puellis,</span> 
     </span>
     <span class='ocr_line' id='line_1_4' title="bbox 78 578 757 643; baseline -0.006 0"><span class='ocrx_word' id='word_1_18' title='bbox 78 585 116 643; x_wconf 81' lang='lat'><strong>⁷0</strong></span> <span class='ocrx_word' id='word_1_19' title='bbox 159 578 322 640; x_wconf 86' lang='lat' dir='ltr'><strong>Herculis</strong></span> <span class='ocrx_word' id='word_1_20' title='bbox 334 581 438 639; x_wconf 83' lang='lat' dir='ltr'><strong>eximii</strong></span> <span class='ocrx_word' id='word_1_21' title='bbox 451 598 492 639; x_wconf 90' lang='lat' dir='ltr'><strong>ne</strong></span> <span class='ocrx_word' id='word_1_22' title='bbox 504 582 545 638; x_wconf 88' lang='lat' dir='ltr'><strong>sit</strong></span> <span class='ocrx_word' id='word_1_23' title='bbox 556 579 655 640; x_wconf 87' lang='lat' dir='ltr'><strong>inulta</strong></span> <span class='ocrx_word' id='word_1_24' title='bbox 667 582 757 642; x_wconf 68' lang='lat' dir='ltr'><strong>sitis!</strong></span> 
     </span>
     <span class='ocr_line' id='line_1_5' title="bbox 133 662 900 744; baseline 0.003 -22"><span class='ocrx_word' id='word_1_25' title='bbox 133 662 247 722; x_wconf 91' lang='lat' dir='ltr'><strong>Sancte</strong></span> <span class='ocrx_word' id='word_1_26' title='bbox 257 669 348 742; x_wconf 88' lang='lat' dir='ltr'><strong>pater</strong></span> <span class='ocrx_word' id='word_1_27' title='bbox 360 662 454 739; x_wconf 80' lang='lat' dir='ltr'><strong>salve,</strong></span> <span class='ocrx_word' id='word_1_28' title='bbox 467 663 515 722; x_wconf 90' lang='lat' dir='ltr'><strong>cui</strong></span> <span class='ocrx_word' id='word_1_29' title='bbox 525 664 586 722; x_wconf 92' lang='lat' dir='ltr'><strong>iam</strong></span> <span class='ocrx_word' id='word_1_30' title='bbox 597 665 680 723; x_wconf 86' lang='lat' dir='ltr'><strong>favet</strong></span> <span class='ocrx_word' id='word_1_31' title='bbox 691 670 800 744; x_wconf 76' lang='lat' dir='ltr'><strong>aspera</strong></span> <span class='ocrx_word' id='word_1_32' title='bbox 810 665 900 726; x_wconf 88' lang='lat' dir='ltr'><strong>luno.</strong></span> 
     </span>
     <span class='ocr_line' id='line_1_6' title="bbox 174 745 801 824; baseline 0.005 -20"><span class='ocrx_word' id='word_1_33' title='bbox 174 745 297 824; x_wconf 86' lang='lat' dir='ltr'><strong>Sancte,</strong></span> <span class='ocrx_word' id='word_1_34' title='bbox 308 745 385 805; x_wconf 80' lang='lat' dir='ltr'><strong>velis</strong></span> <span class='ocrx_word' id='word_1_35' title='bbox 395 745 476 805; x_wconf 79' lang='lat' dir='ltr'><strong>libro</strong></span> <span class='ocrx_word' id='word_1_36' title='bbox 486 745 618 805; x_wconf 85' lang='lat' dir='ltr'><strong>dexter</strong></span> <span class='ocrx_word' id='word_1_37' title='bbox 609 765 801 808; x_wconf 89' lang='lat' dir='ltr'><strong>messemeo.</strong></span> 
     </span>
     <span class='ocr_line' id='line_1_7' title="bbox 130 828 1085 910; baseline 0.007 -22"><span class='ocrx_word' id='word_1_38' title='bbox 130 828 231 906; x_wconf 86' lang='lat' dir='ltr'><strong>llunc,</strong></span> <span class='ocrx_word' id='word_1_39' title='bbox 249 830 391 907; x_wconf 89' lang='lat' dir='ltr'><strong>quoniam</strong></span> <span class='ocrx_word' id='word_1_40' title='bbox 409 830 719 909; x_wconf 82' lang='lat' dir='ltr'><strong>manibuspurgatnm</strong></span> <span class='ocrx_word' id='word_1_41' title='bbox 731 837 873 890; x_wconf 78' lang='lat' dir='ltr'><strong>sanxerat</strong></span> <span class='ocrx_word' id='word_1_42' title='bbox 885 832 1002 910; x_wconf 87' lang='lat' dir='ltr'><strong>orbem,</strong></span> <span class='ocrx_word' id='word_1_43' title='bbox 1083 892 1085 896; x_wconf 13' lang='grc' dir='ltr'><em>Α</em></span> 
     </span>
     <span class='ocr_line' id='line_1_8' title="bbox 172 911 834 992; baseline 0.008 -22"><span class='ocrx_word' id='word_1_44' title='bbox 172 911 223 970; x_wconf 89' lang='lat' dir='ltr'><strong>Sic</strong></span> <span class='ocrx_word' id='word_1_45' title='bbox 235 911 380 971; x_wconf 89' lang='lat' dir='ltr'><strong>Sanctum</strong></span> <span class='ocrx_word' id='word_1_46' title='bbox 391 912 501 971; x_wconf 84' lang='lat' dir='ltr'><strong>Tatiae</strong></span> <span class='ocrx_word' id='word_1_47' title='bbox 513 932 714 992; x_wconf 78' lang='lat' dir='ltr'><strong>composuere</strong></span> <span class='ocrx_word' id='word_1_48' title='bbox 726 915 834 975; x_wconf 81' lang='lat' dir='ltr'><strong>Cures.</strong></span> 
     </span>
    </p>
   </div>
   <div class='ocr_carea' id='block_1_3' title="bbox 74 1038 991 3480">
    <p class='ocr_par' dir='ltr' id='par_1_3' title="bbox 74 1038 991 3480">
     <span class='ocr_line' id='line_1_9' title="bbox 74 1038 854 1159; baseline 0.004 -24"><span class='ocrx_word' id='word_1_49' title='bbox 74 1038 115 1135; x_wconf 77' lang='lat' dir='ltr'><strong>ll)</strong></span> <span class='ocrx_word' id='word_1_50' title='bbox 130 1039 222 1136; x_wconf 85' lang='lat' dir='ltr'><strong>Nunc</strong></span> <span class='ocrx_word' id='word_1_51' title='bbox 232 1076 310 1138; x_wconf 88' lang='lat' dir='ltr'><strong>lovis</strong></span> <span class='ocrx_word' id='word_1_52' title='bbox 321 1079 467 1158; x_wconf 86' lang='lat' dir='ltr'><strong>incipiam</strong></span> <span class='ocrx_word' id='word_1_53' title='bbox 477 1099 582 1139; x_wconf 84' lang='lat' dir='ltr'><strong>causas</strong></span> <span class='ocrx_word' id='word_1_54' title='bbox 595 1067 716 1159; x_wconf 75' lang='lat' dir='ltr'><strong>aperire</strong></span> <span class='ocrx_word' id='word_1_55' title='bbox 727 1080 854 1138; x_wconf 83' lang='lat' dir='ltr'><strong>Feretri</strong></span> 
     </span>
     <span class='ocr_line' id='line_1_10' title="bbox 170 1161 869 1240; baseline 0.01 -21"><span class='ocrx_word' id='word_1_56' title='bbox 170 1161 327 1240; x_wconf 81' lang='lat' dir='ltr'><strong>Armaque</strong></span> <span class='ocrx_word' id='word_1_57' title='bbox 338 1162 377 1220; x_wconf 81' lang='lat' dir='ltr'><strong>(le</strong></span> <span class='ocrx_word' id='word_1_58' title='bbox 389 1161 517 1223; x_wconf 86' lang='lat' dir='ltr'><strong>ducibus</strong></span> <span class='ocrx_word' id='word_1_59' title='bbox 528 1165 611 1221; x_wconf 83' lang='lat' dir='ltr'><strong>trina</strong></span> <span class='ocrx_word' id='word_1_60' title='bbox 622 1168 750 1240; x_wconf 86' lang='lat' dir='ltr'><strong>recepta</strong></span> <span class='ocrx_word' id='word_1_61' title='bbox 759 1164 869 1225; x_wconf 87' lang='lat' dir='ltr'><strong>tribus.</strong></span> 
     </span>
     <span class='ocr_line' id='line_1_11' title="bbox 128 1241 938 1322; baseline 0 -18"><span class='ocrx_word' id='word_1_62' title='bbox 128 1243 275 1321; x_wconf 84' lang='lat' dir='ltr'><strong>Magnum</strong></span> <span class='ocrx_word' id='word_1_63' title='bbox 284 1245 347 1302; x_wconf 91' lang='lat' dir='ltr'><strong>iter</strong></span> <span class='ocrx_word' id='word_1_64' title='bbox 359 1243 503 1322; x_wconf 84' lang='lat' dir='ltr'><strong>ascendo,</strong></span> <span class='ocrx_word' id='word_1_65' title='bbox 515 1244 572 1304; x_wconf 87' lang='lat' dir='ltr'><strong>sed</strong></span> <span class='ocrx_word' id='word_1_66' title='bbox 583 1243 636 1304; x_wconf 86' lang='lat' dir='ltr'><strong>dat</strong></span> <span class='ocrx_word' id='word_1_67' title='bbox 646 1246 721 1304; x_wconf 89' lang='lat' dir='ltr'><strong>mihi</strong></span> <span class='ocrx_word' id='word_1_68' title='bbox 732 1241 830 1322; x_wconf 83' lang='lat' dir='ltr'><strong>gloria</strong></span> <span class='ocrx_word' id='word_1_69' title='bbox 840 1246 938 1304; x_wconf 87' lang='lat' dir='ltr'><strong>vires:</strong></span> 
     </span>
     <span class='ocr_line' id='line_1_12' title="bbox 167 1325 855 1406; baseline -0.001 -22"><span class='ocrx_word' id='word_1_70' title='bbox 167 1326 236 1385; x_wconf 92' lang='lat' dir='ltr'><strong>Non</strong></span> <span class='ocrx_word' id='word_1_71' title='bbox 248 1328 359 1386; x_wconf 87' lang='lat' dir='ltr'><strong>iuvate</strong></span> <span class='ocrx_word' id='word_1_72' title='bbox 370 1325 456 1387; x_wconf 85' lang='lat' dir='ltr'><strong>facili</strong></span> <span class='ocrx_word' id='word_1_73' title='bbox 465 1327 550 1387; x_wconf 90' lang='lat' dir='ltr'><strong>lecta</strong></span> <span class='ocrx_word' id='word_1_74' title='bbox 560 1348 674 1387; x_wconf 88' lang='lat' dir='ltr'><strong>corona</strong></span> <span class='ocrx_word' id='word_1_75' title='bbox 684 1329 765 1406; x_wconf 83' lang='lat' dir='ltr'><strong>iugo.</strong></span> <span class='ocrx_word' id='word_1_76' title='bbox 852 1378 855 1383; x_wconf 84' lang='lat'>.</span> 
     </span>
     <span class='ocr_line' id='line_1_13' title="bbox 92 1408 882 1512; baseline 0.005 -44"><span class='ocrx_word' id='word_1_77' title='bbox 92 1415 108 1468; x_wconf 79' lang='grc' dir='ltr'>ὁ</span> <span class='ocrx_word' id='word_1_78' title='bbox 130 1408 233 1469; x_wconf 89' lang='lat' dir='ltr'><strong>lnbuis</strong></span> <span class='ocrx_word' id='word_1_79' title='bbox 245 1409 417 1512; x_wconf 86' lang='lat' dir='ltr'><strong>exemplum</strong></span> <span class='ocrx_word' id='word_1_80' title='bbox 426 1413 545 1492; x_wconf 88' lang='lat' dir='ltr'><strong>primae</strong></span> <span class='ocrx_word' id='word_1_81' title='bbox 555 1417 600 1488; x_wconf 83' lang='lat' dir='ltr'><strong>tu,</strong></span> <span class='ocrx_word' id='word_1_82' title='bbox 611 1410 752 1489; x_wconf 88' lang='lat' dir='ltr'><strong>Romule,</strong></span> <span class='ocrx_word' id='word_1_83' title='bbox 763 1411 882 1492; x_wconf 85' lang='lat' dir='ltr'><strong>palmae</strong></span> 
     </span>
     <span class='ocr_line' id='line_1_14' title="bbox 167 1493 870 1575; baseline 0.006 -24"><span class='ocrx_word' id='word_1_84' title='bbox 167 1493 266 1552; x_wconf 89' lang='lat' dir='ltr'><strong>Huius</strong></span> <span class='ocrx_word' id='word_1_85' title='bbox 281 1500 314 1553; x_wconf 89' lang='lat' dir='ltr'><strong>et</strong></span> <span class='ocrx_word' id='word_1_86' title='bbox 325 1497 432 1554; x_wconf 84' lang='lat' dir='ltr'><strong>exuvie</strong></span> <span class='ocrx_word' id='word_1_87' title='bbox 443 1494 555 1575; x_wconf 87' lang='lat' dir='ltr'><strong>plenus</strong></span> <span class='ocrx_word' id='word_1_88' title='bbox 567 1497 604 1555; x_wconf 88' lang='lat' dir='ltr'><strong>ab</strong></span> <span class='ocrx_word' id='word_1_89' title='bbox 615 1497 706 1555; x_wconf 87' lang='lat' dir='ltr'><strong>hoste</strong></span> <span class='ocrx_word' id='word_1_90' title='bbox 718 1496 814 1572; x_wconf 82' lang='lat' dir='ltr'><strong>redis,</strong></span> <span class='ocrx_word' id='word_1_91' title='bbox 868 1513 870 1518; x_wconf 84' lang='grc'><strong>’</strong></span> 
     </span>
     <span class='ocr_line' id='line_1_15' title="bbox 126 1574 978 1654; baseline 0.005 -21"><span class='ocrx_word' id='word_1_92' title='bbox 126 1574 284 1651; x_wconf 86' lang='lat' dir='ltr'><strong>Tempore</strong></span> <span class='ocrx_word' id='word_1_93' title='bbox 297 1596 355 1651; x_wconf 89' lang='lat' dir='ltr'><strong>quo</strong></span> <span class='ocrx_word' id='word_1_94' title='bbox 369 1582 475 1653; x_wconf 89' lang='lat' dir='ltr'><strong>portas</strong></span> <span class='ocrx_word' id='word_1_95' title='bbox 487 1579 657 1637; x_wconf 82' lang='lat' dir='ltr'><strong>Caeninum</strong></span> <span class='ocrx_word' id='word_1_96' title='bbox 667 1579 805 1635; x_wconf 85' lang='lat' dir='ltr'><strong>Acronte</strong></span> <span class='ocrx_word' id='word_1_97' title='bbox 816 1582 978 1654; x_wconf 86' lang='lat' dir='ltr'><strong>petentem</strong></span> 
     </span>
     <span class='ocr_line' id='line_1_16' title="bbox 167 1656 862 1736; baseline 0.001 -20"><span class='ocrx_word' id='word_1_98' title='bbox 167 1656 297 1716; x_wconf 86' lang='lat' dir='ltr'><strong>Victor</strong></span> <span class='ocrx_word' id='word_1_99' title='bbox 287 1673 320 1713; x_wconf 90' lang='grc' dir='ltr'><strong>ιιι</strong></span> <span class='ocrx_word' id='word_1_100' title='bbox 332 1674 472 1715; x_wconf 86' lang='lat' dir='ltr'><strong>eversum</strong></span> <span class='ocrx_word' id='word_1_101' title='bbox 483 1658 610 1736; x_wconf 84' lang='lat' dir='ltr'><strong>cuspide</strong></span> <span class='ocrx_word' id='word_1_102' title='bbox 624 1658 728 1717; x_wconf 84' lang='lat' dir='ltr'><strong>fundis</strong></span> <span class='ocrx_word' id='word_1_103' title='bbox 740 1677 862 1736; x_wconf 91' lang='lat' dir='ltr'><strong>equum.</strong></span> 
     </span>
     <span class='ocr_line' id='line_1_17' title="bbox 125 1737 889 1819; baseline 0.005 -22"><span class='ocrx_word' id='word_1_104' title='bbox 125 1739 231 1798; x_wconf 88' lang='lat' dir='ltr'><strong>Acron</strong></span> <span class='ocrx_word' id='word_1_105' title='bbox 241 1737 415 1809; x_wconf 85' lang='lat' dir='ltr'><strong>Herculeus</strong></span> <span class='ocrx_word' id='word_1_106' title='bbox 427 1738 563 1798; x_wconf 73' lang='lat' dir='ltr'><strong>Caenina</strong></span> <span class='ocrx_word' id='word_1_107' title='bbox 575 1739 686 1799; x_wconf 88' lang='lat' dir='ltr'><strong>ductor</strong></span> <span class='ocrx_word' id='word_1_108' title='bbox 697 1742 734 1799; x_wconf 94' lang='lat' dir='ltr'><strong>ab</strong></span> <span class='ocrx_word' id='word_1_109' title='bbox 747 1759 829 1819; x_wconf 86' lang='lat' dir='ltr'><strong>arce,</strong></span> <span class='ocrx_word' id='word_1_110' title='bbox 887 1748 889 1752; x_wconf 70' lang='grc'><strong>“</strong></span> 
     </span>
     <span class='ocr_line' id='line_1_18' title="bbox 74 1819 851 1899; baseline -0.001 -15"><span class='ocrx_word' id='word_1_111' title='bbox 74 1831 107 1884; x_wconf 86' lang='grc'><strong>10</strong></span> <span class='ocrx_word' id='word_1_112' title='bbox 163 1823 273 1896; x_wconf 82' lang='lat' dir='ltr'><strong>Roma,</strong></span> <span class='ocrx_word' id='word_1_113' title='bbox 286 1823 348 1881; x_wconf 87' lang='lat' dir='ltr'><strong>tuis</strong></span> <span class='ocrx_word' id='word_1_114' title='bbox 360 1819 513 1899; x_wconf 86' lang='lat' dir='ltr'><strong>quondam</strong></span> <span class='ocrx_word' id='word_1_115' title='bbox 525 1823 638 1882; x_wconf 87' lang='lat' dir='ltr'><strong>linibus</strong></span> <span class='ocrx_word' id='word_1_116' title='bbox 650 1825 763 1882; x_wconf 87' lang='lat' dir='ltr'><strong>horror</strong></span> <span class='ocrx_word' id='word_1_117' title='bbox 775 1828 851 1884; x_wconf 88' lang='lat' dir='ltr'><strong>erat.</strong></span> 
     </span>
     <span class='ocr_line' id='line_1_19' title="bbox 124 1904 991 1987; baseline 0 -22"><span class='ocrx_word' id='word_1_118' title='bbox 124 1904 185 1965; x_wconf 87' lang='lat' dir='ltr'><strong>llic</strong></span> <span class='ocrx_word' id='word_1_119' title='bbox 197 1904 295 1984; x_wconf 78' lang='lat' dir='ltr'><strong>spolia</strong></span> <span class='ocrx_word' id='word_1_120' title='bbox 306 1924 344 1964; x_wconf 83' lang='lat' dir='ltr'><strong>ex</strong></span> <span class='ocrx_word' id='word_1_121' title='bbox 355 1905 491 1964; x_wconf 89' lang='lat' dir='ltr'><strong>humeris</strong></span> <span class='ocrx_word' id='word_1_122' title='bbox 504 1925 593 1964; x_wconf 88' lang='lat' dir='ltr'><strong>ausus</strong></span> <span class='ocrx_word' id='word_1_123' title='bbox 606 1925 733 1987; x_wconf 88' lang='lat' dir='ltr'><strong>sperare</strong></span> <span class='ocrx_word' id='word_1_124' title='bbox 746 1906 867 1981; x_wconf 81' lang='lat' dir='ltr'><strong>Quirini</strong></span> <span class='ocrx_word' id='word_1_125' title='bbox 986 1956 991 1965; x_wconf 91' lang='lat'>.</span> 
     </span>
     <span class='ocr_line' id='line_1_20' title="bbox 164 1987 813 2067; baseline 0.006 -21"><span class='ocrx_word' id='word_1_126' title='bbox 164 1989 234 2067; x_wconf 91' lang='lat' dir='ltr'><strong>lpse</strong></span> <span class='ocrx_word' id='word_1_127' title='bbox 246 1987 343 2066; x_wconf 79' lang='lat' dir='ltr'><strong>dedit,</strong></span> <span class='ocrx_word' id='word_1_128' title='bbox 355 1987 485 2048; x_wconf 86' lang='lat' dir='ltr'><strong>sednon</strong></span> <span class='ocrx_word' id='word_1_129' title='bbox 496 1991 644 2066; x_wconf 85' lang='lat' dir='ltr'><strong>sanguine</strong></span> <span class='ocrx_word' id='word_1_130' title='bbox 656 1991 737 2049; x_wconf 87' lang='lat' dir='ltr'><strong>sicca</strong></span> <span class='ocrx_word' id='word_1_131' title='bbox 749 2009 813 2050; x_wconf 90' lang='lat' dir='ltr'><strong>suo.</strong></span> 
     </span>
     <span class='ocr_line' id='line_1_21' title="bbox 124 2069 912 2153; baseline 0.001 -23"><span class='ocrx_word' id='word_1_132' title='bbox 124 2070 214 2130; x_wconf 89' lang='lat' dir='ltr'><strong>Hunc</strong></span> <span class='ocrx_word' id='word_1_133' title='bbox 225 2069 310 2130; x_wconf 89' lang='lat' dir='ltr'><strong>videt</strong></span> <span class='ocrx_word' id='word_1_134' title='bbox 320 2077 391 2130; x_wconf 91' lang='lat' dir='ltr'><strong>ante</strong></span> <span class='ocrx_word' id='word_1_135' title='bbox 403 2092 490 2132; x_wconf 84' lang='lat' dir='ltr'><strong>caras</strong></span> <span class='ocrx_word' id='word_1_136' title='bbox 501 2072 669 2133; x_wconf 83' lang='lat' dir='ltr'><strong>librantem</strong></span> <span class='ocrx_word' id='word_1_137' title='bbox 680 2073 799 2153; x_wconf 85' lang='lat' dir='ltr'><strong>spicula</strong></span> <span class='ocrx_word' id='word_1_138' title='bbox 808 2078 912 2132; x_wconf 82' lang='lat' dir='ltr'><strong>turres</strong></span> 
     </span>
     <span class='ocr_line' id='line_1_22' title="bbox 163 2153 771 2236; baseline 0.008 -24"><span class='ocrx_word' id='word_1_139' title='bbox 163 2153 308 2214; x_wconf 84' lang='lat' dir='ltr'><strong>Romulus</strong></span> <span class='ocrx_word' id='word_1_140' title='bbox 320 2161 353 2214; x_wconf 91' lang='lat' dir='ltr'><strong>et</strong></span> <span class='ocrx_word' id='word_1_141' title='bbox 362 2157 442 2215; x_wconf 85' lang='lat' dir='ltr'><strong>votis</strong></span> <span class='ocrx_word' id='word_1_142' title='bbox 454 2162 584 2236; x_wconf 89' lang='lat' dir='ltr'><strong>occupat</strong></span> <span class='ocrx_word' id='word_1_143' title='bbox 595 2163 666 2217; x_wconf 88' lang='lat' dir='ltr'><strong>ante</strong></span> <span class='ocrx_word' id='word_1_144' title='bbox 678 2160 771 2217; x_wconf 86' lang='lat' dir='ltr'><strong>ratis·</strong></span> 
     </span>
     <span class='ocr_line' id='line_1_23' title="bbox 74 2236 963 2316; baseline 0.002 -19"><span class='ocrx_word' id='word_1_145' title='bbox 74 2243 103 2297; x_wconf 81' lang='lat'><strong>15</strong></span> <span class='ocrx_word' id='word_1_146' title='bbox 126 2236 285 2316; x_wconf 58' lang='lat' dir='ltr'><strong>‘Iuppiten</strong></span> <span class='ocrx_word' id='word_1_147' title='bbox 299 2238 376 2296; x_wconf 87' lang='lat' dir='ltr'><strong>baec</strong></span> <span class='ocrx_word' id='word_1_148' title='bbox 389 2239 483 2297; x_wconf 88' lang='lat' dir='ltr'><strong>bodie</strong></span> <span class='ocrx_word' id='word_1_149' title='bbox 493 2240 553 2298; x_wconf 93' lang='lat' dir='ltr'><strong>tibi</strong></span> <span class='ocrx_word' id='word_1_150' title='bbox 563 2242 687 2316; x_wconf 84' lang='lat' dir='ltr'><strong>victima</strong></span> <span class='ocrx_word' id='word_1_151' title='bbox 699 2246 826 2300; x_wconf 87' lang='lat' dir='ltr'><strong>corruet</strong></span> <span class='ocrx_word' id='word_1_152' title='bbox 835 2241 963 2302; x_wconf 83' lang='lat' dir='ltr'><strong>Acron’</strong></span> 
     </span>
     <span class='ocr_line' id='line_1_24' title="bbox 163 2319 776 2398; baseline 0.003 -19"><span class='ocrx_word' id='word_1_153' title='bbox 163 2319 309 2396; x_wconf 74' lang='lat' dir='ltr'><strong>voverat,</strong></span> <span class='ocrx_word' id='word_1_154' title='bbox 322 2325 355 2378; x_wconf 92' lang='lat' dir='ltr'><strong>et</strong></span> <span class='ocrx_word' id='word_1_155' title='bbox 365 2319 499 2398; x_wconf 86' lang='lat' dir='ltr'><strong>spolmm</strong></span> <span class='ocrx_word' id='word_1_156' title='bbox 509 2322 633 2379; x_wconf 77' lang='lat' dir='ltr'><strong>corruit</strong></span> <span class='ocrx_word' id='word_1_157' title='bbox 638 2320 693 2380; x_wconf 80' lang='lat' dir='ltr'><strong>ille</strong></span> <span class='ocrx_word' id='word_1_158' title='bbox 704 2323 776 2382; x_wconf 80' lang='lat' dir='ltr'><strong>lova</strong></span> 
     </span>
     <span class='ocr_line' id='line_1_25' title="bbox 122 2402 852 2481; baseline 0 -20"><span class='ocrx_word' id='word_1_159' title='bbox 122 2402 217 2462; x_wconf 86' lang='lat' dir='ltr'><strong>Urbis</strong></span> <span class='ocrx_word' id='word_1_160' title='bbox 227 2403 412 2480; x_wconf 82' lang='lat' dir='ltr'><strong>virtutisque</strong></span> <span class='ocrx_word' id='word_1_161' title='bbox 423 2421 537 2481; x_wconf 89' lang='lat' dir='ltr'><strong>parens</strong></span> <span class='ocrx_word' id='word_1_162' title='bbox 548 2404 593 2461; x_wconf 85' lang='lat' dir='ltr'><strong>sic</strong></span> <span class='ocrx_word' id='word_1_163' title='bbox 604 2404 729 2462; x_wconf 85' lang='lat' dir='ltr'><strong>vincere</strong></span> <span class='ocrx_word' id='word_1_164' title='bbox 742 2405 852 2479; x_wconf 79' lang='lat' dir='ltr'><strong>suevit,</strong></span> 
     </span>
     <span class='ocr_line' id='line_1_26' title="bbox 163 2484 764 2565; baseline 0.002 -21"><span class='ocrx_word' id='word_1_165' title='bbox 163 2485 222 2561; x_wconf 79' lang='lat' dir='ltr'><strong>Qui</strong></span> <span class='ocrx_word' id='word_1_166' title='bbox 236 2484 310 2544; x_wconf 91' lang='lat' dir='ltr'><strong>tulit</strong></span> <span class='ocrx_word' id='word_1_167' title='bbox 321 2487 425 2565; x_wconf 88' lang='lat' dir='ltr'><strong>aprico</strong></span> <span class='ocrx_word' id='word_1_168' title='bbox 437 2484 552 2563; x_wconf 84' lang='lat' dir='ltr'><strong>frigida</strong></span> <span class='ocrx_word' id='word_1_169' title='bbox 563 2491 664 2545; x_wconf 87' lang='lat' dir='ltr'><strong>castra</strong></span> <span class='ocrx_word' id='word_1_170' title='bbox 674 2485 764 2545; x_wconf 90' lang='lat' dir='ltr'><strong>Lare.</strong></span> 
     </span>
     <span class='ocr_line' id='line_1_27' title="bbox 119 2565 990 2647; baseline 0 -20"><span class='ocrx_word' id='word_1_171' title='bbox 119 2565 204 2627; x_wconf 85' lang='lat' dir='ltr'><strong>idem</strong></span> <span class='ocrx_word' id='word_1_172' title='bbox 216 2587 311 2646; x_wconf 85' lang='lat' dir='ltr'><strong>eques</strong></span> <span class='ocrx_word' id='word_1_173' title='bbox 324 2576 356 2627; x_wconf 93' lang='lat' dir='ltr'><strong>et</strong></span> <span class='ocrx_word' id='word_1_174' title='bbox 367 2568 476 2646; x_wconf 85' lang='lat' dir='ltr'><strong>frenis,</strong></span> <span class='ocrx_word' id='word_1_175' title='bbox 487 2569 571 2628; x_wconf 90' lang='lat' dir='ltr'><strong>idem</strong></span> <span class='ocrx_word' id='word_1_176' title='bbox 581 2570 642 2628; x_wconf 81' lang='lat' dir='ltr'><strong>fnit</strong></span> <span class='ocrx_word' id='word_1_177' title='bbox 652 2574 742 2647; x_wconf 86' lang='lat' dir='ltr'><strong>aptus</strong></span> <span class='ocrx_word' id='word_1_178' title='bbox 753 2569 874 2646; x_wconf 83' lang='lat' dir='ltr'><strong>aratris,</strong></span> <span class='ocrx_word' id='word_1_179' title='bbox 985 2592 990 2597; x_wconf 82' lang='lat'><strong>·</strong></span> 
     </span>
     <span class='ocr_line' id='line_1_28' title="bbox 74 2649 790 2732; baseline -0.001 -21"><span class='ocrx_word' id='word_1_180' title='bbox 74 2659 100 2711; x_wconf 80' lang='lat' dir='ltr'><strong>lo</strong></span> <span class='ocrx_word' id='word_1_181' title='bbox 160 2651 203 2710; x_wconf 79' lang='lat' dir='ltr'><strong>nt</strong></span> <span class='ocrx_word' id='word_1_182' title='bbox 213 2649 301 2728; x_wconf 83' lang='lat' dir='ltr'><strong>galea</strong></span> <span class='ocrx_word' id='word_1_183' title='bbox 311 2652 439 2710; x_wconf 89' lang='lat' dir='ltr'><strong>hirsutis</strong></span> <span class='ocrx_word' id='word_1_184' title='bbox 451 2658 572 2731; x_wconf 86' lang='lat' dir='ltr'><strong>compta</strong></span> <span class='ocrx_word' id='word_1_185' title='bbox 582 2651 689 2732; x_wconf 83' lang='lat' dir='ltr'><strong>lupina</strong></span> <span class='ocrx_word' id='word_1_186' title='bbox 699 2653 790 2727; x_wconf 88' lang='lat' dir='ltr'><strong>iubis,</strong></span> 
     </span>
     <span class='ocr_line' id='line_1_29' title="bbox 118 2732 874 2813; baseline -0.001 -20"><span class='ocrx_word' id='word_1_187' title='bbox 118 2732 206 2793; x_wconf 87' lang='lat' dir='ltr'><strong>Picta</strong></span> <span class='ocrx_word' id='word_1_188' title='bbox 217 2750 320 2811; x_wconf 88' lang='lat' dir='ltr'><strong>neque</strong></span> <span class='ocrx_word' id='word_1_189' title='bbox 331 2732 457 2793; x_wconf 87' lang='lat' dir='ltr'><strong>inducto</strong></span> <span class='ocrx_word' id='word_1_190' title='bbox 471 2734 611 2812; x_wconf 84' lang='lat' dir='ltr'><strong>fulgebat</strong></span> <span class='ocrx_word' id='word_1_191' title='bbox 621 2754 726 2813; x_wconf 87' lang='lat' dir='ltr'><strong>parma</strong></span> <span class='ocrx_word' id='word_1_192' title='bbox 737 2753 874 2813; x_wconf 86' lang='lat' dir='ltr'><strong>pyropo:</strong></span> 
     </span>
     <span class='ocr_line' id='line_1_30' title="bbox 157 2815 772 2879; baseline 0.002 -3"><span class='ocrx_word' id='word_1_193' title='bbox 157 2817 355 2876; x_wconf 77' lang='lat' dir='ltr'><strong>Praebebunt</strong></span> <span class='ocrx_word' id='word_1_194' title='bbox 365 2818 447 2876; x_wconf 87' lang='lat' dir='ltr'><strong>caesi</strong></span> <span class='ocrx_word' id='word_1_195' title='bbox 458 2815 562 2877; x_wconf 85' lang='lat' dir='ltr'><strong>baltea</strong></span> <span class='ocrx_word' id='word_1_196' title='bbox 571 2816 658 2877; x_wconf 87' lang='lat' dir='ltr'><strong>lenta</strong></span> <span class='ocrx_word' id='word_1_197' title='bbox 669 2820 772 2879; x_wconf 86' lang='lat' dir='ltr'><strong>boves</strong></span> 
     </span>
     <span class='ocr_line' id='line_1_31' title="bbox 117 2899 927 2980; baseline 0.001 -21"><span class='ocrx_word' id='word_1_198' title='bbox 117 2899 231 2960; x_wconf 82' lang='lat' dir='ltr'><strong>Gossns</strong></span> <span class='ocrx_word' id='word_1_199' title='bbox 243 2906 274 2959; x_wconf 89' lang='lat' dir='ltr'><strong>at</strong></span> <span class='ocrx_word' id='word_1_200' title='bbox 287 2901 461 2979; x_wconf 88' lang='lat' dir='ltr'><strong>insequitur</strong></span> <span class='ocrx_word' id='word_1_201' title='bbox 472 2901 616 2963; x_wconf 87' lang='lat' dir='ltr'><strong>Veientis</strong></span> <span class='ocrx_word' id='word_1_202' title='bbox 628 2900 723 2960; x_wconf 87' lang='lat' dir='ltr'><strong>caede</strong></span> <span class='ocrx_word' id='word_1_203' title='bbox 737 2899 927 2980; x_wconf 87' lang='lat' dir='ltr'><strong>Tolumni,</strong></span> 
     </span>
     <span class='ocr_line' id='line_1_32' title="bbox 157 2982 802 3064; baseline 0 -20"><span class='ocrx_word' id='word_1_204' title='bbox 157 2982 293 3044; x_wconf 86' lang='lat' dir='ltr'><strong>Vincere</strong></span> <span class='ocrx_word' id='word_1_205' title='bbox 305 3003 374 3044; x_wconf 89' lang='lat' dir='ltr'><strong>cum</strong></span> <span class='ocrx_word' id='word_1_206' title='bbox 385 2985 481 3047; x_wconf 88' lang='lat' dir='ltr'><strong>Veios</strong></span> <span class='ocrx_word' id='word_1_207' title='bbox 492 3003 585 3064; x_wconf 86' lang='lat' dir='ltr'><strong>posse</strong></span> <span class='ocrx_word' id='word_1_208' title='bbox 595 2984 711 3045; x_wconf 82' lang='lat' dir='ltr'><strong>laboris</strong></span> <span class='ocrx_word' id='word_1_209' title='bbox 723 2989 802 3061; x_wconf 80' lang='lat' dir='ltr'><strong>erat‚</strong></span> 
     </span>
     <span class='ocr_line' id='line_1_33' title="bbox 74 3063 964 3149; baseline 0.004 -25"><span class='ocrx_word' id='word_1_210' title='bbox 74 3070 97 3125; x_wconf 67' lang='lat'><strong>25</strong></span> <span class='ocrx_word' id='word_1_211' title='bbox 118 3064 183 3125; x_wconf 89' lang='lat' dir='ltr'><strong>Nec</strong></span> <span class='ocrx_word' id='word_1_212' title='bbox 196 3065 267 3125; x_wconf 72' lang='lat' dir='ltr'><strong>sium</strong></span> <span class='ocrx_word' id='word_1_213' title='bbox 277 3063 360 3126; x_wconf 88' lang='lat' dir='ltr'><strong>ultra</strong></span> <span class='ocrx_word' id='word_1_214' title='bbox 372 3069 514 3128; x_wconf 88' lang='lat' dir='ltr'><strong>Tiberim</strong></span> <span class='ocrx_word' id='word_1_215' title='bbox 525 3067 624 3128; x_wconf 91' lang='lat' dir='ltr'><strong>belli</strong></span> <span class='ocrx_word' id='word_1_216' title='bbox 615 3088 718 3145; x_wconf 84' lang='lat' dir='ltr'><strong>sonus,</strong></span> <span class='ocrx_word' id='word_1_217' title='bbox 729 3067 837 3127; x_wconf 84' lang='lat' dir='ltr'><strong>ultima</strong></span> <span class='ocrx_word' id='word_1_218' title='bbox 846 3066 964 3149; x_wconf 86' lang='lat' dir='ltr'><strong>praeda</strong></span> 
     </span>
     <span class='ocr_line' id='line_1_34' title="bbox 156 3148 951 3229; baseline 0.004 -22"><span class='ocrx_word' id='word_1_219' title='bbox 156 3148 341 3209; x_wconf 90' lang='lat' dir='ltr'><strong>Nomentum</strong></span> <span class='ocrx_word' id='word_1_220' title='bbox 352 3157 385 3210; x_wconf 89' lang='lat' dir='ltr'><strong>et</strong></span> <span class='ocrx_word' id='word_1_221' title='bbox 396 3156 503 3229; x_wconf 85' lang='lat' dir='ltr'><strong>captae</strong></span> <span class='ocrx_word' id='word_1_222' title='bbox 514 3153 622 3229; x_wconf 82' lang='lat' dir='ltr'><strong>iugera</strong></span> <span class='ocrx_word' id='word_1_223' title='bbox 632 3158 723 3211; x_wconf 86' lang='lat' dir='ltr'><strong>terna</strong></span> <span class='ocrx_word' id='word_1_224' title='bbox 734 3151 843 3212; x_wconf 76' lang='lat' dir='ltr'><strong>Corae</strong></span> <span class='ocrx_word' id='word_1_225' title='bbox 948 3198 951 3204; x_wconf 91' lang='lat'><em>.</em></span> 
     </span>
     <span class='ocr_line' id='line_1_35' title="bbox 115 3230 787 3313; baseline 0.006 -23"><span class='ocrx_word' id='word_1_226' title='bbox 115 3230 225 3293; x_wconf 91' lang='lat' dir='ltr'><strong>0Veii</strong></span> <span class='ocrx_word' id='word_1_227' title='bbox 235 3239 370 3311; x_wconf 86' lang='lat' dir='ltr'><strong>veteres,</strong></span> <span class='ocrx_word' id='word_1_228' title='bbox 382 3239 415 3292; x_wconf 91' lang='lat' dir='ltr'><strong>et</strong></span> <span class='ocrx_word' id='word_1_229' title='bbox 424 3253 478 3294; x_wconf 83' lang='lat' dir='ltr'><strong>vos</strong></span> <span class='ocrx_word' id='word_1_230' title='bbox 491 3241 556 3294; x_wconf 90' lang='lat' dir='ltr'><strong>tum</strong></span> <span class='ocrx_word' id='word_1_231' title='bbox 567 3253 664 3313; x_wconf 81' lang='lat' dir='ltr'><strong>regna</strong></span> <span class='ocrx_word' id='word_1_232' title='bbox 673 3235 787 3312; x_wconf 87' lang='lat' dir='ltr'><strong>fuistis,</strong></span> 
     </span>
     <span class='ocr_line' id='line_1_36' title="bbox 153 3309 775 3397; baseline 0.005 -23"><span class='ocrx_word' id='word_1_233' title='bbox 153 3314 197 3374; x_wconf 80' lang='lat' dir='ltr'><strong>Et</strong></span> <span class='ocrx_word' id='word_1_234' title='bbox 206 3322 310 3375; x_wconf 87' lang='lat' dir='ltr'><strong>vestro</strong></span> <span class='ocrx_word' id='word_1_235' title='bbox 321 3319 422 3397; x_wconf 86' lang='lat' dir='ltr'><strong>posita</strong></span> <span class='ocrx_word' id='word_1_236' title='bbox 433 3322 483 3377; x_wconf 85' lang='lat' dir='ltr'><strong>est</strong></span> <span class='ocrx_word' id='word_1_237' title='bbox 493 3309 587 3378; x_wconf 79' lang='lat' dir='ltr'><strong>aurea</strong></span> <span class='ocrx_word' id='word_1_238' title='bbox 599 3316 677 3379; x_wconf 86' lang='lat' dir='ltr'><strong>sella</strong></span> <span class='ocrx_word' id='word_1_239' title='bbox 689 3319 775 3377; x_wconf 90' lang='lat' dir='ltr'><strong>foro.</strong></span> 
     </span>
     <span class='ocr_line' id='line_1_37' title="bbox 113 3395 781 3480; baseline 0.007 -25"><span class='ocrx_word' id='word_1_240' title='bbox 113 3385 781 3480; x_wconf 82' lang='lat' dir='ltr'><strong>Nuncintramurospastoriabuccinelenti</strong></span> 
     </span>
    </p>
   </div>
   <div class='ocr_carea' id='block_1_4' title="bbox 74 3481 842 3562">
    <p class='ocr_par' dir='ltr' id='par_1_4' title="bbox 74 3481 842 3562">
     <span class='ocr_line' id='line_1_38' title="bbox 74 3481 842 3562; baseline 0.001 -22"><span class='ocrx_word' id='word_1_241' title='bbox 74 3487 94 3540; x_wconf 78' lang='lat' dir='ltr'><strong>o</strong></span> <span class='ocrx_word' id='word_1_242' title='bbox 156 3481 277 3562; x_wconf 82' lang='lat' dir='ltr'><strong>cantat,</strong></span> <span class='ocrx_word' id='word_1_243' title='bbox 291 3485 622 3546; x_wconf 82' lang='lat' dir='ltr'><strong>etinvestrtaossibur</strong></span> <span class='ocrx_word' id='word_1_244' title='bbox 631 3486 842 3546; x_wconf 73' lang='lat' dir='ltr'><strong>memetunt.</strong></span> 
     </span>
    </p>
   </div>
   <div class='ocr_carea' id='block_1_5' title="bbox 0 0 1114 3846">
    <p class='ocr_par' dir='ltr' id='par_1_5' title="bbox 0 0 1114 3846">
     <span class='ocr_line' id='line_1_39' title="bbox 0 0 1114 3846; baseline 0 0"><span class='ocrx_word' id='word_1_245' title='bbox 0 0 1114 3846; x_wconf 95' lang='lat' dir='ltr'><strong> </strong></span> 
     </span>
    </p>
   </div>
  </div>
 </body>
</html>
