2220 3846
405 192 784 257 Pnornnnll.

220 365 403 428 Parrhasius
413 381 506 442 parva
517 359 652 420 vindicat
663 364 731 418 arte
743 356 855 436 locum,

181 453 370 528 Argumenta
381 447 476 524 magis
488 449 559 504 sunt
569 443 724 504 Mentoris
736 439 841 501 addita
852 442 984 526 formae,

221 535 263 594 At
274 532 365 611 Myos
377 531 518 608 exiguum
527 528 628 587 flectit
638 526 785 585 acanthus
797 527 871 605 iter,

131 627 163 681 15
184 616 350 679 Phidiacus
362 615 448 692 signo
461 630 494 671 se
506 612 644 690 Iuppiter
656 614 746 669 ornat
757 610 888 688 eburno,
961 653 964 658 -

221 698 401 761 Praxitelen
410 696 537 776 propria
547 693 682 754 vindicat
692 693 770 752 urbe
780 691 871 773 lapis.

182 786 240 847 Est
252 784 362 862 quibus
372 778 469 840 Eleae
482 773 639 837 concurrit
647 774 749 856 palma
761 776 941 858 quadrigae,

222 869 280 928 Est
292 864 445 944 quibusin
457 859 577 920 celeres
589 858 690 937 gloria·
697 867 768 920 nata
778 859 895 940 pedes;

182 951 243 1011 Hic
254 954 337 1007 satus
349 945 387 1005 ad
398 963 515 1024 pacem,
526 944 577 1003 hic
590 945 797 1004 castrensibus
808 941 897 1005 utilis
909 948 1009 1008 armis:

131 1045 166 1096 20
226 1032 361 1091 Naturae
374 1028 514 1107 sequitur
526 1027 642 1086 semina
653 1028 784 1106 quisque
796 1046 879 1092 suae.

183 1117 298 1192 Attus,
310 1114 486 1188 Maecenas,
498 1111 579 1170 ritae
590 1116 757 1190 praecepta
767 1112 887 1190 recepi,

225 1200 328 1276 Cogor
340 1203 373 1257 et
383 1194 531 1274 exemplis
542 1202 575 1252 te
590 1211 738 1273 superare
749 1195 819 1254 tuis.

185 1285 262 1344 Cum
272 1282 331 1340 tibi
341 1279 477 1340 Romano
490 1276 627 1338 dominas
639 1278 802 1337 inhonore
814 1295 940 1340 secures
989 1328 992 1333 .

225 1365 267 1426 Et
276 1363 373 1423 liceat
382 1361 484 1422 medio
498 1378 617 1440 ponere
627 1361 696 1420 iura
706 1361 802 1439 foro„

131 1458 165 1511 25
186 1447 315 1510 Veltibi
326 1444 492 1506 Medorum
502 1462 655 1525 pugnaces
667 1446 715 1504 ire
726 1463 784 1525 per
795 1445 903 1506 hostes

224 1532 328 1609 Atque
340 1546 470 1588 onerare
481 1534 564 1587 tuam
573 1528 633 1588 fixa
642 1547 701 1608 per
712 1549 797 1588 arma
808 1527 940 1608 domum,
989 1560 995 1571 ,

183 1616 225 1678 Et
235 1615 293 1674 tibi
304 1612 343 1673 ad
354 1613 499 1673 effectum
510 1613 591 1672 vires
604 1611 659 1672 det
671 1613 785 1673 Caesar
796 1618 829 1671 et
841 1615 924 1675 omni

226 1699 382 1777 Tempore
394 1703 454 1756 tam
466 1695 575 1756 faciles
582 1697 782 1756 insinuentur
796 1714 881 1775 opes,

16 1830 21 1837 .
64 1804 66 1810 s
182 1782 289 1843 Parcis
301 1787 334 1841 et
344 1783 377 1841 in
388 1787 497 1840 tenues
508 1778 656 1839 humilem
666 1787 699 1840 te
713 1778 834 1858 colligis
846 1779 977 1839 umbras:

130 1875 165 1929 30
225 1867 373 1930 Veiorum
383 1863 493 1946 plenos
504 1865 659 1924 subtrahis
671 1866 739 1946 ipse
753 1866 847 1927 sinus.

184 1950 287 2013 Crede
297 1950 384 2028 mihi,
396 1967 520 2026 magnos
532 1949 707 2028 aequabunt
719 1950 778 2009 ista
790 1945 937 2009 Camillos

153 2052 157 2059 ·
188 2086 190 2093 ,
224 2034 340 2110 Iudicia
350 2039 383 2092 et
394 2034 500 2093 venies
512 2038 547 2091 tu
558 2051 681 2111 quoque
691 2033 724 2091 in
736 2052 791 2091 ora
803 2034 913 2110 virum,

184 2117 324 2177 Caesaris
337 2122 369 2175 et
379 2117 477 2176 famae
488 2117 617 2193 vestigia
627 2118 730 2175 iuncta
740 2115 880 2176 tenebis:

224 2199 415 2260 Maecenatis
427 2205 520 2259 erunt
529 2218 602 2260 vera
612 2206 740 2281 tropaea
749 2199 837 2260 fides.

129 2293 163 2348 35
183 2283 253 2344 Non
265 2301 321 2362 ego
333 2282 461 2343 velifera
472 2283 622 2345 tumidum
633 2302 717 2344 mare
727 2282 811 2344 findo
824 2284 942 2344 carina:

224 2367 306 2428 Tota
316 2367 372 2428 sub
384 2369 493 2446 exiguo
504 2369 630 2428 flumine
640 2374 747 2428 nostra
758 2387 844 2428 mora
855 2374 913 2429 est.

182 2450 252 2512 Non
262 2453 344 2513 flebo
355 2453 387 2511 in
399 2454 521 2512 cineres
533 2471 636 2512 arcem
647 2449 765 2512 sedisse
779 2459 927 2532 paternos

223 2535 331 2596 Cadmi
344 2553 402 2595 nec
414 2542 534 2616 septem
544 2535 664 2615 proelia
675 2534 762 2595 clade
773 2538 852 2617 pari,

181 2617 246 2678 Nec
256 2618 390 2678 referam
403 2619 514 2679 Scaeas
526 2626 558 2679 et
567 2619 717 2698 Pergama
728 2619 882 2699 Apollinis
894 2635 985 2694 arces,

25 2745 28 2749 ›
127 2708 163 2760 40
223 2702 265 2762 llt
274 2702 411 2761 Danaum
422 2701 541 2763 decimo
551 2723 625 2764 vere
635 2702 757 2763 redisse
770 2709 865 2780 rates,

182 2784 308 2845 Moenia
319 2806 387 2847 oum
399 2787 492 2847 Graio
503 2788 657 2867 Neptunia
667 2787 784 2868 pressit
797 2792 899 2846 aratro

221 2868 330 2930 Victor
341 2869 498 2932 Palladiae
508 2871 630 2949 ligneus
644 2872 720 2931 artis
734 2889 841 2949 equus.
913 2869 915 2873 ’

179 2951 265 3011 luter
276 2951 459 3016 Callimachi
471 2962 518 3015 sat
530 2956 591 3014 erit
600 2953 755 3035 placuisse
765 2952 894 3016 libellos

220 3036 261 3096 Et
272 3039 422 3098 cecinisse
434 3037 544 3114 modis,
556 3038 620 3098 coe
631 3044 734 3117 poeta,
746 3040 818 3101 tuis.

128 3125 161 3179 45
182 3119 268 3181 Haeo
279 3142 394 3202 pueros
405 3128 507 3200 urant,
519 3122 596 3182 haec
607 3129 699 3183 urant
712 3125 830 3202 scripta
839 3119 969 3202 puellas,

220 3200 336 3285 Meque
349 3206 440 3265 deum
452 3205 585 3266 clament
596 3212 629 3266 et
639 3209 714 3267 mihi
726 3227 815 3268 sacra
823 3207 938 3266 ferant.
996 3265 1002 3273 ,

180 3286 227 3347 Te
238 3287 316 3348 duce
326 3286 377 3348 vel
387 3289 466 3347 lovis
479 3309 562 3349 arma
573 3310 677 3350 canam
689 3290 839 3370 caeloque
850 3291 1013 3350 minantem

220 3372 336 3431 coeam
347 3377 380 3428 et
391 3367 573 3448 Phlegraeis
586 3373 797 3434 Oromcdonta
808 3375 901 3453 iugis,

16 3490 118 3628 κ
179 3449 333 3532 celsaque
344 3453 488 3514 Romanis
501 3455 649 3540 decerpta
659 3460 773 3540 palatia
783 3460 881 3520 tauris
