<?xml version="1.0" encoding="UTF-8"?>
<!DOCTYPE html PUBLIC "-//W3C//DTD XHTML 1.0 Transitional//EN"
    "http://www.w3.org/TR/xhtml1/DTD/xhtml1-transitional.dtd">
<html xmlns="http://www.w3.org/1999/xhtml" xml:lang="en" lang="en">
 <head>
  <title>
</title>
<meta http-equiv="Content-Type" content="text/html;charset=utf-8" />
  <meta name='ocr-system' content='tesseract 3.04.00' />
  <meta name='ocr-capabilities' content='ocr_page ocr_carea ocr_par ocr_line ocrx_word'/>
</head>
<body>
  <div class='ocr_page' id='page_1' title='image "./elegiae00propgoog_0105.png"; bbox 0 0 2220 3846; ppageno 0'>
   <div class='ocr_carea' id='block_1_1' title="bbox 160 211 820 281">
    <p class='ocr_par' dir='ltr' id='par_1_1' title="bbox 160 211 820 281">
     <span class='ocr_line' id='line_1_1' title="bbox 160 211 820 281; baseline -0.015 0"><span class='ocrx_word' id='word_1_1' title='bbox 160 216 203 281; x_wconf 77' lang='lat'>94</span> <span class='ocrx_word' id='word_1_2' title='bbox 457 211 820 275; x_wconf 82' lang='lat' dir='ltr'>PROPERTII</span> 
     </span>
    </p>
   </div>
   <div class='ocr_carea' id='block_1_2' title="bbox 184 365 1100 3550">
    <p class='ocr_par' dir='ltr' id='par_1_2' title="bbox 184 365 1100 3550">
     <span class='ocr_line' id='line_1_2' title="bbox 287 365 944 457; baseline -0.003 -17"><span class='ocrx_word' id='word_1_3' title='bbox 287 365 418 457; x_wconf 73' lang='lat' dir='ltr'>Romula</span> <span class='ocrx_word' id='word_1_4' title='bbox 427 399 468 440; x_wconf 91' lang='lat' dir='ltr'>ne</span> <span class='ocrx_word' id='word_1_5' title='bbox 478 381 589 439; x_wconf 81' lang='lat' dir='ltr'>faciem</span> <span class='ocrx_word' id='word_1_6' title='bbox 600 376 745 437; x_wconf 89' lang='lat' dir='ltr'>laederet</span> <span class='ocrx_word' id='word_1_7' title='bbox 753 380 842 437; x_wconf 87' lang='lat' dir='ltr'>hasta</span> <span class='ocrx_word' id='word_1_8' title='bbox 852 379 944 441; x_wconf 72' lang='lat' dir='ltr'>Totis</span> 
     </span>
     <span class='ocr_line' id='line_1_3' title="bbox 246 460 983 544; baseline -0.001 -19"><span class='ocrx_word' id='word_1_9' title='bbox 246 465 388 544; x_wconf 86' lang='lat' dir='ltr'>Dumqu&#39;e</span> <span class='ocrx_word' id='word_1_10' title='bbox 400 465 482 523; x_wconf 81' lang='lat' dir='ltr'>subit</span> <span class='ocrx_word' id='word_1_11' title='bbox 490 465 591 542; x_wconf 90' lang='lat' dir='ltr'>primo</span> <span class='ocrx_word' id='word_1_12' title='bbox 603 460 758 542; x_wconf 82' lang='lat' dir='ltr'>Capitolia</span> <span class='ocrx_word' id='word_1_13' title='bbox 768 461 874 521; x_wconf 86' lang='lat' dir='ltr'>nubila</span> <span class='ocrx_word' id='word_1_14' title='bbox 883 463 983 543; x_wconf 85' lang='lat' dir='ltr'>fumo,</span> 
     </span>
     <span class='ocr_line' id='line_1_4' title="bbox 287 546 901 624; baseline -0.003 -16"><span class='ocrx_word' id='word_1_15' title='bbox 287 546 422 608; x_wconf 86' lang='lat' dir='ltr'>Rettulit</span> <span class='ocrx_word' id='word_1_16' title='bbox 431 547 560 607; x_wconf 86' lang='lat' dir='ltr'>hirsutis</span> <span class='ocrx_word' id='word_1_17' title='bbox 570 547 697 605; x_wconf 86' lang='lat' dir='ltr'>brachia</span> <span class='ocrx_word' id='word_1_18' title='bbox 707 551 793 605; x_wconf 86' lang='lat' dir='ltr'>secta</span> <span class='ocrx_word' id='word_1_19' title='bbox 803 547 901 624; x_wconf 88' lang='lat' dir='ltr'>rubis,</span> 
     </span>
     <span class='ocr_line' id='line_1_5' title="bbox 244 628 937 710; baseline -0.001 -18"><span class='ocrx_word' id='word_1_20' title='bbox 244 632 288 693; x_wconf 79' lang='lat' dir='ltr'>lot</span> <span class='ocrx_word' id='word_1_21' title='bbox 299 651 352 691; x_wconf 89' lang='lat' dir='ltr'>sua</span> <span class='ocrx_word' id='word_1_22' title='bbox 364 631 499 710; x_wconf 85' lang='lat' dir='ltr'>Tarpeia</span> <span class='ocrx_word' id='word_1_23' title='bbox 509 628 652 689; x_wconf 76' lang='lat' dir='ltr'>residens</span> <span class='ocrx_word' id='word_1_24' title='bbox 663 631 707 689; x_wconf 89' lang='lat' dir='ltr'>ita</span> <span class='ocrx_word' id='word_1_25' title='bbox 717 631 804 688; x_wconf 85' lang='lat' dir='ltr'>flevit</span> <span class='ocrx_word' id='word_1_26' title='bbox 815 630 851 688; x_wconf 91' lang='lat' dir='ltr'>ab</span> <span class='ocrx_word' id='word_1_27' title='bbox 864 649 937 691; x_wconf 91' lang='lat' dir='ltr'>arce</span> 
     </span>
     <span class='ocr_line' id='line_1_6' title="bbox 190 713 869 793; baseline -0.013 -13"><span class='ocrx_word' id='word_1_28' title='bbox 190 725 226 780; x_wconf 78' lang='lat'>30</span> <span class='ocrx_word' id='word_1_29' title='bbox 286 713 435 792; x_wconf 89' lang='lat' dir='ltr'>Vulnera,</span> <span class='ocrx_word' id='word_1_30' title='bbox 447 715 548 773; x_wconf 81' lang='lat' dir='ltr'>ricino</span> <span class='ocrx_word' id='word_1_31' title='bbox 560 733 622 773; x_wconf 90' lang='lat' dir='ltr'>non</span> <span class='ocrx_word' id='word_1_32' title='bbox 633 713 780 793; x_wconf 90' lang='lat' dir='ltr'>patienda</span> <span class='ocrx_word' id='word_1_33' title='bbox 789 713 869 772; x_wconf 84' lang='lat' dir='ltr'>lovi:</span> 
     </span>
     <span class='ocr_line' id='line_1_7' title="bbox 245 797 1000 876; baseline -0.001 -17"><span class='ocrx_word' id='word_1_34' title='bbox 245 799 347 876; x_wconf 71' lang='lat' dir='ltr'>‘Ignes</span> <span class='ocrx_word' id='word_1_35' title='bbox 360 804 530 859; x_wconf 87' lang='lat' dir='ltr'>castrorum</span> <span class='ocrx_word' id='word_1_36' title='bbox 541 804 574 856; x_wconf 88' lang='lat' dir='ltr'>et</span> <span class='ocrx_word' id='word_1_37' title='bbox 585 797 695 857; x_wconf 79' lang='lat' dir='ltr'><strong>Tatiae</strong></span> <span class='ocrx_word' id='word_1_38' title='bbox 705 798 1000 876; x_wconf 84' lang='lat' dir='ltr'>praetoriaturmae</span> 
     </span>
     <span class='ocr_line' id='line_1_8' title="bbox 285 879 897 958; baseline -0.003 -17"><span class='ocrx_word' id='word_1_39' title='bbox 285 883 327 941; x_wconf 83' lang='lat' dir='ltr'>Et</span> <span class='ocrx_word' id='word_1_40' title='bbox 338 882 472 940; x_wconf 81' lang='lat' dir='ltr'>formosa</span> <span class='ocrx_word' id='word_1_41' title='bbox 484 879 580 940; x_wconf 90' lang='lat' dir='ltr'>oculis</span> <span class='ocrx_word' id='word_1_42' title='bbox 592 900 675 940; x_wconf 87' lang='lat' dir='ltr'>arma</span> <span class='ocrx_word' id='word_1_43' title='bbox 686 881 798 940; x_wconf 88' lang='lat' dir='ltr'>Sabina</span> <span class='ocrx_word' id='word_1_44' title='bbox 808 882 897 958; x_wconf 86' lang='lat' dir='ltr'>meis,</span> 
     </span>
     <span class='ocr_line' id='line_1_9' title="bbox 246 963 1004 1043; baseline -0.001 -18"><span class='ocrx_word' id='word_1_45' title='bbox 246 965 272 1025; x_wconf 93' lang='lat'>0</span> <span class='ocrx_word' id='word_1_46' title='bbox 284 966 400 1024; x_wconf 89' lang='lat' dir='ltr'>utinam</span> <span class='ocrx_word' id='word_1_47' title='bbox 411 963 450 1023; x_wconf 90' lang='lat' dir='ltr'>ad</span> <span class='ocrx_word' id='word_1_48' title='bbox 460 971 581 1023; x_wconf 86' lang='lat' dir='ltr'>vestros</span> <span class='ocrx_word' id='word_1_49' title='bbox 592 963 717 1023; x_wconf 90' lang='lat' dir='ltr'>sedeam</span> <span class='ocrx_word' id='word_1_50' title='bbox 727 963 846 1042; x_wconf 84' lang='lat' dir='ltr'>captiva</span> <span class='ocrx_word' id='word_1_51' title='bbox 855 964 1004 1043; x_wconf 77' lang='lat' dir='ltr'>Penates,</span> 
     </span>
     <span class='ocr_line' id='line_1_10' title="bbox 285 1046 900 1127; baseline -0.002 -19"><span class='ocrx_word' id='word_1_52' title='bbox 285 1049 364 1108; x_wconf 89' lang='lat' dir='ltr'>Dum</span> <span class='ocrx_word' id='word_1_53' title='bbox 376 1048 493 1127; x_wconf 85' lang='lat' dir='ltr'>captiva</span> <span class='ocrx_word' id='word_1_54' title='bbox 504 1048 566 1106; x_wconf 88' lang='lat' dir='ltr'>mei</span> <span class='ocrx_word' id='word_1_55' title='bbox 577 1049 740 1126; x_wconf 83' lang='lat' dir='ltr'>conspicer</span> <span class='ocrx_word' id='word_1_56' title='bbox 752 1066 806 1106; x_wconf 90' lang='lat' dir='ltr'>ora</span> <span class='ocrx_word' id='word_1_57' title='bbox 817 1046 900 1107; x_wconf 86' lang='lat' dir='ltr'>Tati.</span> 
     </span>
     <span class='ocr_line' id='line_1_11' title="bbox 190 1129 941 1195; baseline -0.005 -1"><span class='ocrx_word' id='word_1_58' title='bbox 190 1140 225 1195; x_wconf 81' lang='lat'>35</span> <span class='ocrx_word' id='word_1_59' title='bbox 245 1130 375 1193; x_wconf 86' lang='lat' dir='ltr'>Romani</span> <span class='ocrx_word' id='word_1_60' title='bbox 385 1138 506 1191; x_wconf 88' lang='lat' dir='ltr'>montes</span> <span class='ocrx_word' id='word_1_61' title='bbox 518 1137 551 1190; x_wconf 89' lang='lat' dir='ltr'>et</span> <span class='ocrx_word' id='word_1_62' title='bbox 560 1133 715 1190; x_wconf 87' lang='lat' dir='ltr'>montibus</span> <span class='ocrx_word' id='word_1_63' title='bbox 727 1129 831 1189; x_wconf 89' lang='lat' dir='ltr'>addita</span> <span class='ocrx_word' id='word_1_64' title='bbox 842 1131 941 1190; x_wconf 84' lang='lat' dir='ltr'>Roma</span> 
     </span>
     <span class='ocr_line' id='line_1_12' title="bbox 264 1213 918 1294; baseline 0 -20"><span class='ocrx_word' id='word_1_65' title='bbox 264 1261 265 1264; x_wconf 63' lang='lat'>,</span> <span class='ocrx_word' id='word_1_66' title='bbox 285 1217 328 1275; x_wconf 78' lang='lat' dir='ltr'>lot</span> <span class='ocrx_word' id='word_1_67' title='bbox 337 1214 436 1274; x_wconf 84' lang='lat' dir='ltr'>valeat</span> <span class='ocrx_word' id='word_1_68' title='bbox 446 1216 563 1294; x_wconf 90' lang='lat' dir='ltr'>probro</span> <span class='ocrx_word' id='word_1_69' title='bbox 575 1214 672 1277; x_wconf 88' lang='lat' dir='ltr'>Vesta</span> <span class='ocrx_word' id='word_1_70' title='bbox 681 1213 827 1294; x_wconf 89' lang='lat' dir='ltr'>pudenda</span> <span class='ocrx_word' id='word_1_71' title='bbox 837 1232 918 1274; x_wconf 87' lang='lat' dir='ltr'>meo.</span> 
     </span>
     <span class='ocr_line' id='line_1_13' title="bbox 244 1297 1035 1376; baseline 0 -18"><span class='ocrx_word' id='word_1_72' title='bbox 244 1297 303 1359; x_wconf 89' lang='lat' dir='ltr'>Ille</span> <span class='ocrx_word' id='word_1_73' title='bbox 316 1297 494 1376; x_wconf 89' lang='lat' dir='ltr'>equus,-ille</span> <span class='ocrx_word' id='word_1_74' title='bbox 506 1317 591 1356; x_wconf 87' lang='lat' dir='ltr'>meos</span> <span class='ocrx_word' id='word_1_75' title='bbox 601 1298 634 1357; x_wconf 91' lang='lat' dir='ltr'>in</span> <span class='ocrx_word' id='word_1_76' title='bbox 646 1304 746 1358; x_wconf 90' lang='lat' dir='ltr'>castra</span> <span class='ocrx_word' id='word_1_77' title='bbox 755 1303 890 1376; x_wconf 86' lang='lat' dir='ltr'>reponet</span> <span class='ocrx_word' id='word_1_78' title='bbox 901 1316 1035 1376; x_wconf 81' lang='lat' dir='ltr'>amores,</span> 
     </span>
     <span class='ocr_line' id='line_1_14' title="bbox 286 1380 931 1460; baseline 0.003 -20"><span class='ocrx_word' id='word_1_79' title='bbox 286 1383 344 1440; x_wconf 87' lang='lat' dir='ltr'>Cui</span> <span class='ocrx_word' id='word_1_80' title='bbox 355 1382 463 1440; x_wconf 88' lang='lat' dir='ltr'>Tatius</span> <span class='ocrx_word' id='word_1_81' title='bbox 475 1381 599 1440; x_wconf 77' lang='lat' dir='ltr'>dextras</span> <span class='ocrx_word' id='word_1_82' title='bbox 611 1380 742 1440; x_wconf 88' lang='lat' dir='ltr'>collocat</span> <span class='ocrx_word' id='word_1_83' title='bbox 756 1382 823 1460; x_wconf 90' lang='lat' dir='ltr'>ipse</span> <span class='ocrx_word' id='word_1_84' title='bbox 833 1381 931 1442; x_wconf 82' lang='lat' dir='ltr'>iubas.</span> 
     </span>
     <span class='ocr_line' id='line_1_15' title="bbox 245 1462 1058 1544; baseline 0.002 -21"><span class='ocrx_word' id='word_1_85' title='bbox 245 1462 327 1540; x_wconf 80' lang='lat' dir='ltr'>Quid</span> <span class='ocrx_word' id='word_1_86' title='bbox 336 1465 447 1522; x_wconf 83' lang='lat' dir='ltr'>mirum</span> <span class='ocrx_word' id='word_1_87' title='bbox 458 1465 489 1522; x_wconf 93' lang='lat' dir='ltr'>in</span> <span class='ocrx_word' id='word_1_88' title='bbox 499 1465 616 1544; x_wconf 86' lang='lat' dir='ltr'>patrios</span> <span class='ocrx_word' id='word_1_89' title='bbox 627 1462 761 1542; x_wconf 82' lang='lat' dir='ltr'>Scyllam</span> <span class='ocrx_word' id='word_1_90' title='bbox 773 1465 906 1524; x_wconf 82' lang='lat' dir='ltr'>saevisse</span> <span class='ocrx_word' id='word_1_91' title='bbox 919 1462 1058 1544; x_wconf 75' lang='lat' dir='ltr'>capillos,</span> 
     </span>
     <span class='ocr_line' id='line_1_16' title="bbox 191 1544 1018 1625; baseline -0.004 -16"><span class='ocrx_word' id='word_1_92' title='bbox 191 1555 227 1609; x_wconf 83' lang='lat'>40</span> <span class='ocrx_word' id='word_1_93' title='bbox 288 1544 488 1625; x_wconf 80' lang='lat' dir='ltr'>Candidaque</span> <span class='ocrx_word' id='word_1_94' title='bbox 502 1548 535 1606; x_wconf 91' lang='lat' dir='ltr'>in</span> <span class='ocrx_word' id='word_1_95' title='bbox 546 1565 653 1607; x_wconf 85' lang='lat' dir='ltr'>saevos</span> <span class='ocrx_word' id='word_1_96' title='bbox 663 1549 789 1625; x_wconf 90' lang='lat' dir='ltr'>inguina</span> <span class='ocrx_word' id='word_1_97' title='bbox 800 1566 890 1607; x_wconf 85' lang='lat' dir='ltr'>versa</span> <span class='ocrx_word' id='word_1_98' title='bbox 900 1549 1018 1607; x_wconf 69' lang='lat' dir='ltr'>canes?</span> 
     </span>
     <span class='ocr_line' id='line_1_17' title="bbox 243 1630 1002 1709; baseline -0.001 -18"><span class='ocrx_word' id='word_1_99' title='bbox 243 1631 372 1691; x_wconf 84' lang='lat' dir='ltr'>Prodita</span> <span class='ocrx_word' id='word_1_100' title='bbox 384 1631 458 1709; x_wconf 84' lang='lat' dir='ltr'>quid</span> <span class='ocrx_word' id='word_1_101' title='bbox 468 1632 578 1690; x_wconf 88' lang='lat' dir='ltr'>mirum</span> <span class='ocrx_word' id='word_1_102' title='bbox 588 1630 721 1691; x_wconf 79' lang='lat' dir='ltr'>fraterni</span> <span class='ocrx_word' id='word_1_103' title='bbox 733 1651 848 1691; x_wconf 91' lang='lat' dir='ltr'>cornua</span> <span class='ocrx_word' id='word_1_104' title='bbox 858 1632 1002 1709; x_wconf 84' lang='lat' dir='ltr'>monstri,</span> 
     </span>
     <span class='ocr_line' id='line_1_18' title="bbox 285 1713 881 1794; baseline -0.003 -19"><span class='ocrx_word' id='word_1_105' title='bbox 285 1715 362 1775; x_wconf 77' lang='lat' dir='ltr'>(ium</span> <span class='ocrx_word' id='word_1_106' title='bbox 372 1716 471 1794; x_wconf 86' lang='lat' dir='ltr'>patuit</span> <span class='ocrx_word' id='word_1_107' title='bbox 481 1713 565 1774; x_wconf 87' lang='lat' dir='ltr'>lecto</span> <span class='ocrx_word' id='word_1_108' title='bbox 578 1717 708 1775; x_wconf 88' lang='lat' dir='ltr'>stamine</span> <span class='ocrx_word' id='word_1_109' title='bbox 718 1716 881 1776; x_wconf 72' lang='lat' dir='ltr'>tortario?</span> 
     </span>
     <span class='ocr_line' id='line_1_19' title="bbox 245 1797 1100 1882; baseline 0.004 -26"><span class='ocrx_word' id='word_1_110' title='bbox 245 1798 398 1874; x_wconf 82' lang='lat' dir='ltr'>Quantum</span> <span class='ocrx_word' id='word_1_111' title='bbox 411 1815 469 1876; x_wconf 90' lang='lat' dir='ltr'>ego</span> <span class='ocrx_word' id='word_1_112' title='bbox 485 1818 551 1858; x_wconf 91' lang='lat' dir='ltr'>sum</span> <span class='ocrx_word' id='word_1_113' title='bbox 565 1799 709 1858; x_wconf 82' lang='lat' dir='ltr'>Ausoniis</span> <span class='ocrx_word' id='word_1_114' title='bbox 727 1799 846 1859; x_wconf 90' lang='lat' dir='ltr'>crimen</span> <span class='ocrx_word' id='word_1_115' title='bbox 855 1799 977 1860; x_wconf 81' lang='lat' dir='ltr'>factura</span> <span class='ocrx_word' id='word_1_116' title='bbox 990 1797 1100 1882; x_wconf 83' lang='lat' dir='ltr'>puellis</span> 
     </span>
     <span class='ocr_line' id='line_1_20' title="bbox 285 1881 916 1961; baseline 0.003 -20"><span class='ocrx_word' id='word_1_117' title='bbox 285 1881 427 1961; x_wconf 90' lang='lat' dir='ltr'>Improba</span> <span class='ocrx_word' id='word_1_118' title='bbox 437 1883 576 1960; x_wconf 74' lang='lat' dir='ltr'>virgineo</span> <span class='ocrx_word' id='word_1_119' title='bbox 586 1881 669 1942; x_wconf 90' lang='lat' dir='ltr'>lecta</span> <span class='ocrx_word' id='word_1_120' title='bbox 678 1884 819 1942; x_wconf 87' lang='lat' dir='ltr'>ministra</span> <span class='ocrx_word' id='word_1_121' title='bbox 829 1883 916 1943; x_wconf 80' lang='lat' dir='ltr'>foco!</span> 
     </span>
     <span class='ocr_line' id='line_1_21' title="bbox 189 1963 954 2046; baseline 0.001 -21"><span class='ocrx_word' id='word_1_122' title='bbox 189 1972 223 2026; x_wconf 81' lang='lat'>45</span> <span class='ocrx_word' id='word_1_123' title='bbox 243 1963 387 2025; x_wconf 78' lang='lat' dir='ltr'>Pallados</span> <span class='ocrx_word' id='word_1_124' title='bbox 400 1967 553 2025; x_wconf 79' lang='lat' dir='ltr'>extinctos</span> <span class='ocrx_word' id='word_1_125' title='bbox 566 1966 592 2025; x_wconf 91' lang='lat' dir='ltr'>si</span> <span class='ocrx_word' id='word_1_126' title='bbox 603 1967 671 2044; x_wconf 85' lang='lat' dir='ltr'>quis</span> <span class='ocrx_word' id='word_1_127' title='bbox 681 1967 845 2029; x_wconf 80' lang='lat' dir='ltr'>mirabitur</span> <span class='ocrx_word' id='word_1_128' title='bbox 854 1968 954 2046; x_wconf 84' lang='lat' dir='ltr'>ignes,</span> 
     </span>
     <span class='ocr_line' id='line_1_22' title="bbox 283 2048 925 2128; baseline 0.005 -20"><span class='ocrx_word' id='word_1_129' title='bbox 283 2048 441 2125; x_wconf 85' lang='lat' dir='ltr'>Ignoscat:</span> <span class='ocrx_word' id='word_1_130' title='bbox 462 2049 597 2107; x_wconf 84' lang='lat' dir='ltr'>lacrimis</span> <span class='ocrx_word' id='word_1_131' title='bbox 608 2052 763 2128; x_wconf 79' lang='lat' dir='ltr'>spargitur</span> <span class='ocrx_word' id='word_1_132' title='bbox 775 2069 827 2109; x_wconf 90' lang='lat' dir='ltr'>ara</span> <span class='ocrx_word' id='word_1_133' title='bbox 836 2051 925 2111; x_wconf 88' lang='lat' dir='ltr'>meis.</span> 
     </span>
     <span class='ocr_line' id='line_1_23' title="bbox 244 2131 932 2212; baseline 0.001 -21"><span class='ocrx_word' id='word_1_134' title='bbox 244 2131 331 2207; x_wconf 81' lang='lat' dir='ltr'>Cras,</span> <span class='ocrx_word' id='word_1_135' title='bbox 341 2132 377 2189; x_wconf 84' lang='lat' dir='ltr'>ut</span> <span class='ocrx_word' id='word_1_136' title='bbox 386 2150 491 2190; x_wconf 90' lang='lat' dir='ltr'>rumor</span> <span class='ocrx_word' id='word_1_137' title='bbox 503 2133 556 2209; x_wconf 86' lang='lat' dir='ltr'>ait,</span> <span class='ocrx_word' id='word_1_138' title='bbox 567 2137 633 2190; x_wconf 90' lang='lat' dir='ltr'>tota</span> <span class='ocrx_word' id='word_1_139' title='bbox 643 2135 829 2212; x_wconf 82' lang='lat' dir='ltr'>pugnabitur</span> <span class='ocrx_word' id='word_1_140' title='bbox 838 2135 932 2193; x_wconf 89' lang='lat' dir='ltr'>urbe:</span> 
     </span>
     <span class='ocr_line' id='line_1_24' title="bbox 283 2213 921 2296; baseline 0.016 -24"><span class='ocrx_word' id='word_1_141' title='bbox 283 2213 333 2273; x_wconf 86' lang='lat' dir='ltr'>Tu</span> <span class='ocrx_word' id='word_1_142' title='bbox 344 2232 416 2273; x_wconf 84' lang='lat' dir='ltr'>cave</span> <span class='ocrx_word' id='word_1_143' title='bbox 428 2215 545 2293; x_wconf 90' lang='lat' dir='ltr'>spinosi</span> <span class='ocrx_word' id='word_1_144' title='bbox 554 2214 660 2275; x_wconf 88' lang='lat' dir='ltr'>rorida</span> <span class='ocrx_word' id='word_1_145' title='bbox 670 2222 760 2296; x_wconf 86' lang='lat' dir='ltr'>terga</span> <span class='ocrx_word' id='word_1_146' title='bbox 768 2219 845 2295; x_wconf 71' lang='lat' dir='ltr'>iugi,</span> <span class='ocrx_word' id='word_1_147' title='bbox 917 2275 921 2283; x_wconf 76' lang='grc'>,</span> 
     </span>
     <span class='ocr_line' id='line_1_25' title="bbox 242 2296 1055 2382; baseline 0.005 -24"><span class='ocrx_word' id='word_1_148' title='bbox 242 2296 375 2358; x_wconf 85' lang='lat' dir='ltr'>Lubrica</span> <span class='ocrx_word' id='word_1_149' title='bbox 385 2304 451 2359; x_wconf 86' lang='lat' dir='ltr'>tota</span> <span class='ocrx_word' id='word_1_150' title='bbox 463 2300 511 2358; x_wconf 84' lang='lat' dir='ltr'>via</span> <span class='ocrx_word' id='word_1_151' title='bbox 521 2305 571 2359; x_wconf 84' lang='lat' dir='ltr'>est</span> <span class='ocrx_word' id='word_1_152' title='bbox 581 2304 615 2359; x_wconf 86' lang='lat' dir='ltr'>et</span> <span class='ocrx_word' id='word_1_153' title='bbox 626 2301 762 2379; x_wconf 84' lang='lat' dir='ltr'>perfida=</span> <span class='ocrx_word' id='word_1_154' title='bbox 785 2302 899 2382; x_wconf 87' lang='lat' dir='ltr'>quippe</span> <span class='ocrx_word' id='word_1_155' title='bbox 910 2307 1055 2362; x_wconf 84' lang='lat' dir='ltr'>tacentes</span> 
     </span>
     <span class='ocr_line' id='line_1_26' title="bbox 186 2379 850 2464; baseline 0.003 -22"><span class='ocrx_word' id='word_1_156' title='bbox 186 2390 222 2443; x_wconf 82' lang='lat'>50</span> <span class='ocrx_word' id='word_1_157' title='bbox 282 2379 402 2442; x_wconf 86' lang='lat' dir='ltr'>Fallaci</span> <span class='ocrx_word' id='word_1_158' title='bbox 413 2380 494 2444; x_wconf 88' lang='lat' dir='ltr'>celat</span> <span class='ocrx_word' id='word_1_159' title='bbox 503 2383 602 2443; x_wconf 92' lang='lat' dir='ltr'>limite</span> <span class='ocrx_word' id='word_1_160' title='bbox 613 2401 738 2464; x_wconf 88' lang='lat' dir='ltr'>semper</span> <span class='ocrx_word' id='word_1_161' title='bbox 748 2403 850 2463; x_wconf 84' lang='lat' dir='ltr'>aquas.</span> 
     </span>
     <span class='ocr_line' id='line_1_27' title="bbox 243 2465 995 2544; baseline 0.004 -19"><span class='ocrx_word' id='word_1_162' title='bbox 243 2465 396 2526; x_wconf 87' lang='lat' dir='ltr'>Ontinam</span> <span class='ocrx_word' id='word_1_163' title='bbox 406 2469 541 2544; x_wconf 86' lang='lat' dir='ltr'>magicae</span> <span class='ocrx_word' id='word_1_164' title='bbox 551 2486 675 2528; x_wconf 90' lang='lat' dir='ltr'>nossem</span> <span class='ocrx_word' id='word_1_165' title='bbox 685 2469 856 2528; x_wconf 91' lang='lat' dir='ltr'>cantamina</span> <span class='ocrx_word' id='word_1_166' title='bbox 866 2468 995 2530; x_wconf 82' lang='lat' dir='ltr'>Musae!</span> 
     </span>
     <span class='ocr_line' id='line_1_28' title="bbox 283 2550 1018 2632; baseline 0.005 -23"><span class='ocrx_word' id='word_1_167' title='bbox 283 2550 369 2610; x_wconf 86' lang='lat' dir='ltr'>llaec</span> <span class='ocrx_word' id='word_1_168' title='bbox 381 2569 504 2628; x_wconf 87' lang='lat' dir='ltr'>quoque</span> <span class='ocrx_word' id='word_1_169' title='bbox 515 2550 653 2611; x_wconf 89' lang='lat' dir='ltr'>formoso</span> <span class='ocrx_word' id='word_1_170' title='bbox 664 2551 768 2632; x_wconf 88' lang='lat' dir='ltr'>lingua</span> <span class='ocrx_word' id='word_1_171' title='bbox 777 2552 903 2613; x_wconf 82' lang='lat' dir='ltr'>tulisset</span> <span class='ocrx_word' id='word_1_172' title='bbox 915 2571 1018 2632; x_wconf 87' lang='lat' dir='ltr'>opem.</span> 
     </span>
     <span class='ocr_line' id='line_1_29' title="bbox 242 2632 1094 2714; baseline 0.001 -22"><span class='ocrx_word' id='word_1_173' title='bbox 242 2632 290 2692; x_wconf 86' lang='lat' dir='ltr'>Te</span> <span class='ocrx_word' id='word_1_174' title='bbox 300 2638 373 2711; x_wconf 87' lang='lat' dir='ltr'>toga</span> <span class='ocrx_word' id='word_1_175' title='bbox 386 2635 470 2712; x_wconf 80' lang='lat' dir='ltr'>picta</span> <span class='ocrx_word' id='word_1_176' title='bbox 481 2633 583 2711; x_wconf 90' lang='lat' dir='ltr'>decet,</span> <span class='ocrx_word' id='word_1_177' title='bbox 594 2655 657 2695; x_wconf 92' lang='lat' dir='ltr'>non</span> <span class='ocrx_word' id='word_1_178' title='bbox 671 2655 762 2714; x_wconf 89' lang='lat' dir='ltr'>quem</span> <span class='ocrx_word' id='word_1_179' title='bbox 774 2637 841 2696; x_wconf 89' lang='lat' dir='ltr'>sine</span> <span class='ocrx_word' id='word_1_180' title='bbox 853 2637 963 2696; x_wconf 82' lang='lat' dir='ltr'>matris</span> <span class='ocrx_word' id='word_1_181' title='bbox 974 2637 1094 2696; x_wconf 88' lang='lat' dir='ltr'>bonore</span> 
     </span>
     <span class='ocr_line' id='line_1_30' title="bbox 280 2716 909 2800; baseline 0.008 -24"><span class='ocrx_word' id='word_1_182' title='bbox 280 2716 386 2778; x_wconf 88' lang='lat' dir='ltr'>Nutrit</span> <span class='ocrx_word' id='word_1_183' title='bbox 399 2718 581 2779; x_wconf 84' lang='lat' dir='ltr'>inhumanae</span> <span class='ocrx_word' id='word_1_184' title='bbox 593 2718 669 2780; x_wconf 89' lang='lat' dir='ltr'>dura</span> <span class='ocrx_word' id='word_1_185' title='bbox 680 2719 796 2800; x_wconf 90' lang='lat' dir='ltr'>papilla</span> <span class='ocrx_word' id='word_1_186' title='bbox 808 2719 909 2799; x_wconf 90' lang='lat' dir='ltr'>lupae.</span> 
     </span>
     <span class='ocr_line' id='line_1_31' title="bbox 186 2798 1005 2882; baseline 0.006 -23"><span class='ocrx_word' id='word_1_187' title='bbox 186 2808 221 2860; x_wconf 83' lang='lat'>55</span> <span class='ocrx_word' id='word_1_188' title='bbox 240 2798 294 2861; x_wconf 82' lang='lat' dir='ltr'>Sic</span> <span class='ocrx_word' id='word_1_189' title='bbox 305 2801 419 2880; x_wconf 87' lang='lat' dir='ltr'>hospes</span> <span class='ocrx_word' id='word_1_190' title='bbox 430 2805 584 2882; x_wconf 76' lang='lat' dir='ltr'>pariamve</span> <span class='ocrx_word' id='word_1_191' title='bbox 593 2810 646 2864; x_wconf 89' lang='lat' dir='ltr'>tua</span> <span class='ocrx_word' id='word_1_192' title='bbox 656 2806 764 2882; x_wconf 87' lang='lat' dir='ltr'>regina</span> <span class='ocrx_word' id='word_1_193' title='bbox 774 2805 830 2867; x_wconf 87' lang='lat' dir='ltr'>sub</span> <span class='ocrx_word' id='word_1_194' title='bbox 842 2802 921 2881; x_wconf 90' lang='lat' dir='ltr'>aula,</span> <span class='ocrx_word' id='word_1_195' title='bbox 1003 2804 1005 2808; x_wconf 74' lang='grc'>’</span> 
     </span>
     <span class='ocr_line' id='line_1_32' title="bbox 272 2883 970 2965; baseline 0.01 -25"><span class='ocrx_word' id='word_1_196' title='bbox 272 2883 342 2941; x_wconf 49' lang='lat' dir='ltr'>&gt;Dos</span> <span class='ocrx_word' id='word_1_197' title='bbox 356 2886 415 2943; x_wconf 86' lang='lat' dir='ltr'>tibi</span> <span class='ocrx_word' id='word_1_198' title='bbox 424 2905 487 2945; x_wconf 90' lang='lat' dir='ltr'>non</span> <span class='ocrx_word' id='word_1_199' title='bbox 497 2886 621 2946; x_wconf 87' lang='lat' dir='ltr'>humilis</span> <span class='ocrx_word' id='word_1_200' title='bbox 632 2885 757 2965; x_wconf 87' lang='lat' dir='ltr'>prodita</span> <span class='ocrx_word' id='word_1_201' title='bbox 765 2884 863 2943; x_wconf 88' lang='lat' dir='ltr'>Roma</span> <span class='ocrx_word' id='word_1_202' title='bbox 872 2887 970 2947; x_wconf 84' lang='lat' dir='ltr'>venit.</span> 
     </span>
     <span class='ocr_line' id='line_1_33' title="bbox 240 2963 972 3046; baseline 0.011 -24"><span class='ocrx_word' id='word_1_203' title='bbox 240 2963 396 3042; x_wconf 77' lang='lat' dir='ltr'>siminus,</span> <span class='ocrx_word' id='word_1_204' title='bbox 410 2974 442 3024; x_wconf 83' lang='lat' dir='ltr'>at</span> <span class='ocrx_word' id='word_1_205' title='bbox 451 2974 559 3046; x_wconf 89' lang='lat' dir='ltr'>raptae</span> <span class='ocrx_word' id='word_1_206' title='bbox 570 2987 610 3028; x_wconf 91' lang='lat' dir='ltr'>ne</span> <span class='ocrx_word' id='word_1_207' title='bbox 622 2969 684 3026; x_wconf 83' lang='lat' dir='ltr'>sint</span> <span class='ocrx_word' id='word_1_208' title='bbox 693 2969 809 3046; x_wconf 90' lang='lat' dir='ltr'>inpune</span> <span class='ocrx_word' id='word_1_209' title='bbox 821 2966 972 3030; x_wconf 84' lang='lat' dir='ltr'>Sabinae:</span> 
     </span>
     <span class='ocr_line' id='line_1_34' title="bbox 279 3047 1041 3131; baseline 0.005 -22"><span class='ocrx_word' id='word_1_210' title='bbox 279 3047 334 3109; x_wconf 89' lang='lat' dir='ltr'>Me</span> <span class='ocrx_word' id='word_1_211' title='bbox 345 3066 420 3128; x_wconf 90' lang='lat' dir='ltr'>rape</span> <span class='ocrx_word' id='word_1_212' title='bbox 432 3055 465 3107; x_wconf 88' lang='lat' dir='ltr'>et</span> <span class='ocrx_word' id='word_1_213' title='bbox 480 3048 599 3110; x_wconf 89' lang='lat' dir='ltr'>alterna</span> <span class='ocrx_word' id='word_1_214' title='bbox 608 3049 680 3129; x_wconf 88' lang='lat' dir='ltr'>lege</span> <span class='ocrx_word' id='word_1_215' title='bbox 691 3050 832 3131; x_wconf 84' lang='lat' dir='ltr'>repende</span> <span class='ocrx_word' id='word_1_216' title='bbox 842 3053 936 3114; x_wconf 70' lang='lat' dir='ltr'>sices.</span> <span class='ocrx_word' id='word_1_217' title='bbox 1036 3090 1041 3097; x_wconf 90' lang='lat'><strong>·</strong></span> 
     </span>
     <span class='ocr_line' id='line_1_35' title="bbox 240 3132 1023 3217; baseline 0.006 -25"><span class='ocrx_word' id='word_1_218' title='bbox 240 3132 425 3193; x_wconf 83' lang='lat' dir='ltr'>Commissas</span> <span class='ocrx_word' id='word_1_219' title='bbox 436 3134 518 3193; x_wconf 85' lang='lat' dir='ltr'>acies</span> <span class='ocrx_word' id='word_1_220' title='bbox 530 3151 587 3212; x_wconf 87' lang='lat' dir='ltr'>ego</span> <span class='ocrx_word' id='word_1_221' title='bbox 598 3154 723 3215; x_wconf 84' lang='lat' dir='ltr'>possum</span> <span class='ocrx_word' id='word_1_222' title='bbox 734 3135 872 3196; x_wconf 84' lang='lat' dir='ltr'>solvere:</span> <span class='ocrx_word' id='word_1_223' title='bbox 893 3142 1023 3217; x_wconf 84' lang='lat' dir='ltr'>nuptae,</span> 
     </span>
     <span class='ocr_line' id='line_1_36' title="bbox 184 3216 882 3298; baseline 0.001 -20"><span class='ocrx_word' id='word_1_224' title='bbox 184 3223 219 3278; x_wconf 88' lang='lat'>60</span> <span class='ocrx_word' id='word_1_225' title='bbox 279 3216 344 3278; x_wconf 85' lang='lat' dir='ltr'>Vos</span> <span class='ocrx_word' id='word_1_226' title='bbox 355 3216 489 3278; x_wconf 89' lang='lat' dir='ltr'>medium</span> <span class='ocrx_word' id='word_1_227' title='bbox 499 3216 584 3298; x_wconf 85' lang='lat' dir='ltr'>palla</span> <span class='ocrx_word' id='word_1_228' title='bbox 593 3219 704 3280; x_wconf 83' lang='lat' dir='ltr'>foedus</span> <span class='ocrx_word' id='word_1_229' title='bbox 715 3222 793 3281; x_wconf 90' lang='lat' dir='ltr'>inite</span> <span class='ocrx_word' id='word_1_230' title='bbox 806 3238 882 3280; x_wconf 91' lang='lat' dir='ltr'>mea.</span> 
     </span>
     <span class='ocr_line' id='line_1_37' title="bbox 240 3297 1097 3383; baseline -0.001 -23"><span class='ocrx_word' id='word_1_231' title='bbox 240 3297 331 3360; x_wconf 85' lang='lat' dir='ltr'>Adde</span> <span class='ocrx_word' id='word_1_232' title='bbox 357 3302 537 3381; x_wconf 84' lang='lat' dir='ltr'>Hymenaee</span> <span class='ocrx_word' id='word_1_233' title='bbox 565 3303 690 3383; x_wconf 89' lang='lat' dir='ltr'>modos,</span> <span class='ocrx_word' id='word_1_234' title='bbox 717 3306 845 3365; x_wconf 87' lang='lat' dir='ltr'>tubicen</span> <span class='ocrx_word' id='word_1_235' title='bbox 865 3303 935 3364; x_wconf 82' lang='lat' dir='ltr'>fera</span> <span class='ocrx_word' id='word_1_236' title='bbox 956 3317 1097 3364; x_wconf 83' lang='lat' dir='ltr'>murmura</span> 
     </span>
     <span class='ocr_line' id='line_1_38' title="bbox 718 3387 833 3449; baseline -0.017 -1"><span class='ocrx_word' id='word_1_237' title='bbox 718 3387 833 3449; x_wconf 84' lang='lat' dir='ltr'>conde:</span> 
     </span>
     <span class='ocr_line' id='line_1_39' title="bbox 278 3469 961 3550; baseline 0.001 -20"><span class='ocrx_word' id='word_1_238' title='bbox 278 3469 418 3550; x_wconf 75' lang='lat' dir='ltr'>Credite,</span> <span class='ocrx_word' id='word_1_239' title='bbox 429 3477 532 3532; x_wconf 83' lang='lat' dir='ltr'>vestra</span> <span class='ocrx_word' id='word_1_240' title='bbox 542 3491 628 3533; x_wconf 89' lang='lat' dir='ltr'>meus</span> <span class='ocrx_word' id='word_1_241' title='bbox 639 3471 758 3534; x_wconf 89' lang='lat' dir='ltr'>molliet</span> <span class='ocrx_word' id='word_1_242' title='bbox 769 3491 853 3531; x_wconf 86' lang='lat' dir='ltr'>arma</span> <span class='ocrx_word' id='word_1_243' title='bbox 862 3476 961 3531; x_wconf 88' lang='lat' dir='ltr'>torus.</span> 
     </span>
    </p>
   </div>
   <div class='ocr_carea' id='block_1_3' title="bbox 0 0 1114 3846">
    <p class='ocr_par' dir='ltr' id='par_1_3' title="bbox 0 0 1114 3846">
     <span class='ocr_line' id='line_1_40' title="bbox 0 0 1114 3846; baseline 0 0"><span class='ocrx_word' id='word_1_244' title='bbox 0 0 1114 3846; x_wconf 95' lang='lat' dir='ltr'> </span> 
     </span>
    </p>
   </div>
  </div>
 </body>
</html>
