2220 3846
411 206 771 300 rnornnnn

238 407 466 486 Remorumque
477 424 569 486 pares
580 403 684 464 ducite
698 410 783 466 sorte
793 407 890 489 vices,

197 492 380 571 iungiteque
391 496 529 550 extremo
539 486 646 548 felicia
655 486 753 548 lintea
765 487 865 552 malo:

220 577 222 581 ’
238 576 300 636 lam
310 574 463 654 liquidnm
473 573 573 632 nautis
585 591 658 630 aura
669 570 819 634 secundat
828 575 901 639 iter.

141 668 175 722 15
194 659 349 722 Romanae
361 665 464 718 turres
476 662 510 716 et
519 675 572 716 vos
583 654 709 715 ualeatis
721 658 821 734 amici,

240 742 476 820 Qualiscumque
487 740 562 799 mihi
573 744 669 817 tuque
679 735 874 818 puellayale.

195 828 279 904 Ergo
287 845 344 903 ego
352 820 1048 910 nuncrudisHadriaciveharaequorishospeq

131 911 133 915 ”
208 977 209 981 ¹
237 910 337 986 Cogor
349 914 382 966 ct
392 905 559 966 undisonos
570 923 651 964 nunc
661 924 756 984 prece
769 905 857 967 adire
870 906 955 971 deos.

194 991 315 1053 Deinde
325 990 512 1071 perffllonium
521 994 628 1048 vectus
641 1007 709 1048 cum
716 988 802 1049 fessa
811 988 957 1053 Lechaeo

140 1087 177 1140 20
236 1067 361 1136 Se'darit
370 1066 493 1154 placida
502 1067 572 1131 vela
582 1071 727 1150 phaselus
738 1090 827 1152 aqua,

168 1180 172 1191 ·
195 1158 285 1242 Quod
296 1154 450 1239 superest,
469 1156 598 1216 sufferte
609 1152 717 1239 pedes,
734 1164 903 1235 properate
914 1157 1048 1237 lahorem,

233 1243 436 1322 isthmos'qua
446 1240 541 1314 terris
553 1244 639 1298 arcet
649 1245 817 1318 utrumque
825 1260 921 1306 mare.

194 1325 269 1386 inde
280 1327 333 1386 ubi
343 1325 448 1385 Piraei
459 1324 583 1402 capient
593 1341 642 1383 me
652 1320 747 1382 litora
756 1323 877 1404 portus,

235 1405 385 1467 Scandam
395 1426 452 1484 ego
465 1406 608 1465 Theseae
623 1406 748 1465 brachia
758 1404 851 1486 longa
860 1410 938 1470 viae.

139 1501 173 1554 25
194 1489 262 1552 illic
272 1488 449 1565 uel-studiis
461 1489 593 1548 animum
604 1489 770 1549 emendare
780 1488 922 1552 Platonis

231 1573 378 1656 Incipiam
388 1579 440 1635 aut
450 1573 561 1651 hortis,
578 1571 669 1636 docte
680 1573 826 1652 Epicure,
836 1576 909 1653 tuis,

190 1655 366 1739 Persequar
375 1659 433 1718 'aut
444 1655 577 1739 studium
586 1654 722 1735 linguae,
738 1656 956 1718 Demosthenis
966 1677 1042 1732 arma,

230 1743 457 1820 Librorumque
466 1745 548 1817 tuos,
560 1739 651 1799 docte
662 1738 847 1819 Menandre,
859 1740 957 1816 salem

191 1827 255 1886 Aut
265 1822 352 1886 certe
365 1822 489 1885 tabulae
501 1824 625 1903 capient
634 1841 702 1882 mea
711 1822 826 1884 lumina
835 1825 939 1905 pictae

135 1918 170 1971 30
218 1907 302 1969 'Sive
315 1908 614 1971 ehore'euactaeseu
624 1907 719 1984 magis
735 1926 808 1968 aere
822 1928 943 1983 manum

190 1994 253 2053 Aut
263 1994 361 2073 spatia
372 2011 521 2052 annorum
532 1996 583 2050 aut
594 1985 685 2068 longa
695 1988 861 2073 intervalla
870 1989 1007 2074 profundi

230 2075 386 2135 Lenibunt
396 2076 490 2135 tacito
501 2072 631 2133 vulnera
642 2080 749 2133 nostra
760 2075 845 2135 sinu:

189 2157 252 2217 Seu
262 2157 386 2234 moriar,
398 2159 474 2233 fato,
489 2175 551 2214 non
562 2159 646 2237 turpi
656 2157 772 2217 fractus
784 2177 901 2237 amore,

207 2251 209 2256 ·
228 2240 332 2319 Atque
343 2239 555 2318 eritilla'mihi
567 2238 905 2315 mortishoncsjtadies.

117 2372 173 2465 22
188 2369 320 2486 Frigida
330 2413 392 2468 tam
403 2406 516 2468 multos
526 2404 643 2489 placuit
652 2409 712 2468 tihi
723 2407 853 2487 Cynicus
867 2427 971 2485 annos,
1030 2397 1048 2487 ⁵:

228 2489 334 2568 Tulle,
345 2491 550 2571 Propontiaca
564 2512 623 2570 qua
632 2493 702 2551 fluit
712 2491 843 2551 Isthmos
854 2510 942 2569 aqna,

184 2572 365 2650 Dindymus,
376 2578 409 2632 et
420 2579 524 2634 sacrae
535 2575 686 2634 fabricata
696 2577 824 2634 iuvenca
835 2573 986 2652 Cybebae,

224 2655 431 2737 Raptorisque
443 2656 516 2717 tulit
527 2678 586 2736 qua
596 2659 645 2717 via
654 2658 734 2718 Ditis
747 2675 860 2736 equos;

147 2746 163 2799 5
185 2739 218 2800 Si
228 2746 261 2800 tc
275 2741 473 2813 forteiuvant
483 2741 593 2801 Helles
602 2737 837 2802 Athamantidos
848 2741 952 2817 urbes,

223 2824 289 2883 Nec
302 2823 469 2905 desiderio,
482 2824 585 2901 Tulle,
595 2843 720 2884 movere
731 2843 809 2882 meo.

183 2905 233 2965 Tu
243 2903 320 2967 licet
331 2911 460 2987 aspicias
472 2908 588 2966 caelum
603 2922 692 2962 omne
703 2903 829 2962 Atlanta
841 2911 1004 2984 gerentem,

223 2987 375 3068 Sectaque
384 2991 502 3047 Persea
512 2983 683 3044 Phorcidos
695 3004 750 3044 ora
760 3005 861 3066 mann,

182 3073 345 3150 Geryonae
357 3067 477 3129 stabula
489 3073 521 3126 et
530 3065 700 3128 luctantum
711 3071 744 3129 in
755 3069 885 3150 puluere
897 3073 983 3150 signa

129 3163 159 3215 10
219 3151 364 3214 Herculis
376 3152 549 3230 Antaeique
560 3152 832 3232 Hesperidumque
844 3156 969 3232 choros,

181 3236 291 3313 Tuque
303 3240 355 3291 tuo
369 3234 517 3294 Colchum
527 3236 685 3316 propellas
697 3240 816 3316 remige
827 3237 956 3316 Phasin,

217 3315 422 3395 Peliacaeque
434 3321 529 3379 trabis
539 3327 637 3380 totum
647 3323 710 3381 iter
720 3324 788 3401 ipsc
798 3320 896 3400 legas,

179 3401 245 3477 Qua
256 3399 342 3460 rudis
353 3402 456 3481 Argoa
466 3410 551 3464 natat
562 3407 646 3465 inter
660 3425 730 3465 saxa
742 3402 882 3463 columba

217 3485 251 3545 In
262 3486 373 3546 facicm
383 3507 495 3568 prorae
505 3491 596 3568 pinus
607 3489 714 3549 adacta
724 3506 832 3563 novae,
