2220 3846
231 201 425 264 LIBER
465 200 517 279 111,
541 211 585 281 ιι,
607 211 651 281 16,
674 211 716 282 ιι,
739 213 781 267 18.
942 201 986 266 tt

111 370 172 429 Hic
182 388 261 428 unus
272 367 364 428 dolor
375 375 424 428 est
435 387 473 427 ex
483 370 624 428 omnibus
638 386 710 427 acer
721 372 842 447 amanti,
949 378 984 432 45

155 452 300 531 Speranti
312 453 412 512 subito
424 453 521 529 siqua
534 454 642 511 venire
655 459 756 528 negat.

69 549 90 599 5
114 537 234 613 Quanta
244 534 333 595 illum
343 542 410 595 totu
421 541 548 594 versant
558 536 690 615 suspiria
699 533 795 613 lecto,

154 620 230 680 Cum
240 622 350 698 recipi,
363 638 455 697 quem
465 637 528 676 non
536 621 658 678 noverit
668 617 733 696 illa,
744 626 841 698 putat.

35 750 39 757 .
111 704 154 764 Et
163 723 271 763 rursus
283 722 416 782 puerum
427 701 604 779 quaerendo
617 702 720 762 audita
730 703 850 781 fatigat,

154 787 263 864 Quem,
276 804 354 864 qnae
366 787 447 844 scire
460 786 559 862 timet,
570 800 723 864 quaerere
735 785 827 866 plura
836 789 932 848 iubet.
950 797 985 849 50

37 1000 94 1094 17
112 1000 176 1094 cni
190 1035 250 1094 fnit
259 1033 377 1094 indocti
388 1035 536 1114 fugienda
545 1037 623 1095 haec
634 1037 744 1095 emita
754 1036 850 1114 vulgi,
928 1003 982 1096 23

152 1118 221 1197 ipsa
230 1121 329 1197 petita
339 1117 410 1178 laen
420 1138 501 1178 nune
511 1120 587 1178 mihi
598 1117 698 1178 dulcis
710 1137 787 1196 aqua
799 1124 856 1179 est.

112 1204 264 1280 Ingenuus
279 1204 439 1280 quisquam
450 1201 580 1261 alterius
592 1200 644 1260 dat
654 1221 782 1260 munera
795 1221 895 1281 servo,

152 1287 195 1347 Ut
205 1288 358 1365 promissa
368 1305 440 1346 suae
451 1287 546 1345 verba
556 1286 639 1345 ferat
650 1284 815 1345 dominae?

74 1378 92 1430 5
113 1369 155 1431 Et
167 1371 288 1448 quaerit
299 1372 415 1430 totiens
427 1375 588 1449 ‘quaenam
599 1389 680 1430 nunc
691 1370 829 1449 partiens
838 1369 925 1431 illam

152 1454 267 1532 integit
273 1455 301 1512 2²⁹
324 1460 357 1514 et
369 1459 486 1534 ‘campo
499 1475 558 1533 quo
570 1461 673 1525 movet
683 1452 739 1512 illa
749 1455 882 1534 pedes‘i'

110 1537 245 1611 Deinde,
256 1539 308 1596 nbi
320 1537 489 1616 pertuleris
501 1557 577 1615 quos
593 1538 669 1596 dicit
678 1537 758 1595 fama
767 1529 904 1596 labores
991 1573 994 1579 ·

153 1619 310 1693 Herculis,
320 1627 355 1678 ut
366 1622 481 1679 scribat
492 1622 640 1678 ‘muneris
652 1618 765 1694 ecquid
775 1619 905 1678 habes‘i'

114 1703 257 1762 Cernere
267 1703 313 1759 uti
324 1704 424 1779 possis
435 1701 553 1760 vultum
566 1699 703 1759 custodis
714 1703 818 1778 amari,

57 1797 96 1850 10
159 1785 275 1863 Captus
287 1791 320 1842 et
331 1784 476 1844 inmunda
487 1803 580 1863 saepe
590 1783 692 1843 latere
705 1785 796 1843 cusai

32 1925 38 1933 ,
115 1870 213 1945 Quam
225 1886 296 1927 care
308 1867 406 1927 semel
417 1870 449 1927 in
464 1874 530 1927 toto
541 1888 601 1928 nox
611 1869 744 1927 vertitur
756 1867 851 1926 anno!

154 1953 204 2011 Ah
214 1957 357 2030 pereant,
370 1953 397 2012 si
410 1972 487 2030 quos
499 1953 589 2011 ianua
600 1951 704 2011 clausa
714 1952 812 2011 iuvat!

114 2036 241 2112 eontra,
252 2037 371 2095 reiecto
387 2055 464 2114 quae
474 2034 576 2095 libera
586 2035 672 2094 vadit
682 2036 804 2112 amictu,

157 2118 326 2180 Custodum
338 2125 371 2178 et
380 2119 465 2178 nullo
478 2126 566 2198 septa
576 2121 700 2197 timore,
713 2117 826 2198 placet.

57 2210 95 2266 15
116 2203 177 2282 Cui
187 2221 280 2281 saepe
292 2203 438 2261 inmundo
451 2204 546 2261 Sacra
557 2204 730 2262 conteritur
742 2203 802 2264 Via
814 2219 916 2277 socco,

155 2285 222 2343 Nee
234 2287 308 2343 sinit
319 2303 387 2343 esse
399 2305 525 2361 maram,
537 2287 564 2343 si
576 2287 644 2363 quis
655 2285 741 2343 adire
751 2285 837 2345 velit.

113 2369 250 2429 Differet
267 2367 344 2426 haee
355 2386 517 2444 numquam
526 2385 586 2425 nec
597 2374 707 2444 poscet
718 2365 849 2443 garrula,
863 2364 945 2444 quod
954 2370 988 2424 te

157 2452 313 2511 Astrietus
326 2448 433 2528 ploret
443 2469 536 2529 saepe
548 2447 672 2508 dedisse
682 2455 783 2529 pater,

114 2534 181 2596 Nec
194 2535 277 2593 dicet
289 2536 405 2610 ‘time0‚
416 2553 550 2612 propera
561 2535 621 2592 iam
632 2551 771 2611 surgere,
784 2550 914 2611 quaeso:

57 2629 98 2682 20
158 2617 281 2691 Infelix,
293 2616 387 2675 hodie
397 2619 443 2676 vir
453 2618 528 2676 mihi
539 2636 613 2676 rure
624 2619 731 2676 venit?

115 2703 157 2764 Et
169 2720 244 2779 quas
255 2700 430 2777 Euphrates
442 2707 475 2757 et
486 2701 645 2776 quaemihi
656 2701 742 2758 misit
752 2699 897 2773 Orontes,

159 2784 214 2843 Me
227 2785 364 2861 capiant:
387 2781 483 2841 nolim
494 2783 577 2842 furta
587 2781 700 2860 pudiea
709 2783 782 2857 tori,

117 2867 261 2928 Libertas
274 2868 416 2944 qnoniam
426 2864 506 2925 nulli
517 2866 577 2924 iam
587 2870 685 2924 restat
696 2866 824 2924 amanti:

160 2948 270 3008 Nullus
281 2951 362 3010 iiber
374 2952 445 3028 erit,
457 2951 483 3009 si
496 2951 563 3029 quis
575 2968 676 3009 amare
686 2947 778 3011 volet.
884 2985 887 2990 -

41 3079 103 3176 18
119 3080 185 3176 ‘Tu
194 3115 342 3196 loqueris,
355 3136 421 3175 enm
434 3119 476 3175 sis
487 3119 547 3176 iam
558 3122 632 3175 noto
641 3112 835 3177 fabulalibro
932 3076 989 3170 24

159 3201 201 3259 ut
210 3207 263 3259 tua
274 3202 314 3260 sit
325 3207 391 3259 toto
403 3201 536 3278 Cynthia
545 3199 628 3259 lecta
638 3199 724 3257 foro:
1018 3198 1022 3207 “

13 3336 22 3345 .
118 3284 177 3343 Cui
190 3304 253 3343 non
264 3285 312 3342 his
323 3284 426 3342 verbis
437 3291 579 3362 aspergat
590 3288 729 3361 tempora
740 3280 858 3341 sudor?

158 3369 222 3426 Aut
234 3367 335 3447 pudor
346 3368 506 3444 ingenuus,
518 3373 570 3426 aut
579 3365 759 3426 reticendus
771 3366 879 3424 amor?

77 3461 95 3512 5
118 3450 210 3527 Quod
224 3452 251 3511 si
262 3457 324 3510 tam
334 3448 435 3510 facilis
447 3451 580 3529 spiraret
592 3450 725 3527 Cynthia
736 3449 835 3521 nobis,

1063 3530 1076 3567 1
