2220 3846
258 195 776 291 1110110000,ιο
956 197 995 263 td

124 367 175 426 Tu
184 385 258 425 vero
271 366 414 444 quonium
425 362 522 424 001001
533 381 567 422 0
577 363 735 441 periturus
746 381 860 441 umore,
894 415 908 442 ,

165 450 280 510 Utere:
302 467 365 506 000
376 445 554 507 0110110100
565 445 675 523 dignun
689 463 772 506 eruo:

75 541 105 596 15
128 532 213 609 Quae
224 532 283 591 tibi
294 532 345 609 sit,
356 529 434 590 felix
445 531 588 609 quonium
599 548 694 589 novus
705 528 816 591 incidit
826 548 927 608 error,

163 615 206 676 Et
218 613 432 693 quodcumque
443 613 813 691 1010000001110101111.

78 746 106 837 4
123 744 261 839 Tulicet
271 780 409 838 abiectus
421 777 571 838 Tiberine
581 775 719 837 molliter
730 776 811 838 unda

164 862 751 940 1011οΜ00100001001110000000,

121 947 164 1008 Et
175 944 266 1020 modo
278 951 340 1004 tom
351 944 471 1004 celerer
481 947 604 1006 mireris
616 964 744 1006 currere
754 945 866 1006 lintres

162 1031 205 1088 Et
214 1027 306 1088 modo
318 1035 380 1088 tam
389 1027 494 1088 turdus
505 1028 632 1088 funibus
643 1031 691 1088 ire
702 1035 796 1106 roten,

84 1123 101 1174 5
123 1113 166 1174 Et
177 1131 284 1173 nemus
295 1131 385 1174 omne
397 1118 477 1172 00100
489 1111 632 1172 intendat
640 1113 758 1171 vertice
770 1108 873 1189 silvas,
970 1128 986 1147 ’

161 1197 299 1274 Urgetur
311 1197 434 1273 quentis
445 1195 598 1255 Caucasus
610 1197 789 1254 arboribus:

121 1280 190 1339 Non
200 1286 305 1338 tomen
313 1280 373 1339 1010
385 1296 454 1338 meo
467 1277 590 1339 vuleont
601 1277 792 1338 contendere
803 1280 914 1339 umori:

161 1363 270 1423 Nescit
279 1364 375 1422 Amor
386 1363 503 1441 magnis
516 1362 630 1422 cedere
642 1361 766 1422 divitiis.

121 1447 198 1506 Nam
208 1448 273 1506 eive
285 1453 420 1526 optutum
433 1464 552 1506 mecum
563 1448 661 1506 trehit
670 1445 727 1505 1110
739 1447 885 1524 quietem,

74 1540 101 1592 10
163 1529 226 1589 Seu
236 1529 321 1590 facili
331 1536 431 1590 totum
442 1529 528 1590 ducit
540 1526 644 1589 umore
657 1529 749 1604 diem,

122 1613 204 1673 'l'um
214 1614 290 1671 mihi
300 1613 422 1673 Pactoli
432 1615 560 1674 veniunt
571 1615 627 1671 sub
638 1618 723 1670 tecto
732 1611 882 1688 liquores,

161 1696 204 1755 Et
213 1691 330 1771 legitur
342 1696 444 1754 rubrio
456 1713 575 1771 gemma
585 1694 641 1753 suh
653 1694 855 1770 aequoribus:

121 1780 205 1840 Tum
214 1775 924 1856 011100οε0000000010010003000110003000
942 1792 945 1800 ·

163 1863 249 1939 Quae
260 1867 414 1939 0000001,
426 1859 498 1920 dnm
508 1880 557 1921 me
569 1861 633 1920 1010
643 1861 749 1943 perire
760 1858 872 1922 volent.

74 1957 98 2011 15
120 1947 276 2025 Numquis
289 1943 405 2005 divitiir
417 1943 546 2006 adverso
558 1943 672 2024 gaudet
682 1944 821 2015 Amore?

160 2028 252 2090 Nullo
265 2030 341 2088 mihi
352 2030 436 2089 tristi
446 2031 584 2109 proemia
595 2029 657 2088 nint
668 2028 802 2090 Venere.

122 2112 181 2174 illa
190 2119 295 2192 potent
305 2132 428 2191 magnae
439 2115 569 2175 heroum
579 2113 752 2191 infringere
763 2113 856 2191 vireo,

162 2194 220 2258 Ille
233 2199 326 2257 etiam
339 2196 424 2257 duris
438 2199 591 2258 mentibus
603 2215 673 2256 0000
685 2195 784 2258 dolor.

120 2279 177 2341 1110
189 2299 291 2358 neque
303 2281 451 2340 Arubium
461 2283 572 2341 metuit
582 2280 805 2340 transceudere
816 2277 922 2356 limen,

73 2377 100 2428 10
159 2365 226 2424 Nec
236 2365 327 2422 timet
336 2364 466 2438 0010100,
478 2362 582 2438 Tulle,
593 2363 698 2421 subire
708 2369 779 2421 toro

119 2448 161 2511 Et
172 2448 319 2506 miserum
329 2451 396 2504 toto
407 2447 550 2506 iuvenem
559 2463 685 2506 versere
697 2443 807 2503 cubili:

163 2529 243 2607 Quid
255 2528 395 2589 relevant
406 2532 497 2590 coriis
508 2531 610 2590 serica
620 2526 804 2589 textilibus?

122 2616 207 2692 Quae
218 2615 294 2673 mihi
306 2613 378 2673 dum
387 2610 509 2693 placato
519 2613 632 2690 ederit,
643 2632 706 2672 uon
716 2611 778 2671 ullu
788 2611 921 2672 verebor

160 2698 267 2775 Regno
278 2714 336 2755 nec
348 2695 470 2755 Alcinoi
480 2716 607 2756 munero
618 2695 791 2775 despicere.

78 2829 102 2922 5
120 2826 225 2944 Saepe
238 2883 295 2943 ego
306 2862 402 2925 multo
413 2869 484 2923 tuae
495 2861 630 2936 devitetis
643 2861 719 2922 duro
730 2863 883 2939 timebam,
987 2932 989 2937 ¹

160 2949 228 3009 Hac
238 2955 341 3009 tomen
352 2954 492 3027 excepta,
504 2948 648 3026 Cynthio,
663 2945 802 3027 perfidie.

119 3032 235 3111 Aspice
248 3050 297 3091 me
310 3039 423 3111 quanto
435 3033 535 3110 rapiat
544 3032 670 3091 fortune
680 3029 816 3110 periclo:

163 3115 213 3174 Tu
224 3122 328 3176 tomen
338 3118 370 3176 10
382 3121 488 3175 nostro
500 3113 585 3174 10010
596 3116 708 3174 timore
720 3114 816 3189 venis,

85 3206 100 3258 5
118 3199 161 3260 Et
169 3204 261 3277 potes
272 3201 437 3259 tresternos
447 3200 586 3259 menibus
598 3215 784 3276 componere
796 3195 898 3262 crines

159 3282 202 3343 nt
211 3280 428 3361 longa'iociem
438 3301 591 3360 quaerere
603 3279 731 3357 desidio,

118 3364 185 3425 Nec
195 3369 296 3426 minus
306 3367 381 3426 Eois
391 3373 501 3447 pectus
512 3368 633 3426 veriore
643 3363 768 3444 lapillis,

159 3450 348 3511 1111000000
359 3470 437 3511 novo
450 3469 527 3529 quoe
538 3457 628 3530 porat
637 3451 684 3509 ire
696 3449 771 3509 viro.
