2174 3826
90 213 135 277 aa
330 192 752 309 ἰιιοιιιιιιι

178 381 261 442 Ante
271 378 348 438 ierit
360 377 511 457 quoniam,
522 376 583 435 tuti
594 394 683 453 quam
693 376 856 438 cemimus
868 380 993 462 hostem,

219 462 285 522 Nec
295 463 455 542 quisquam
465 479 504 520 ex
512 457 569 519 illo
578 457 710 520 vulnere
721 478 815 520 sanus
828 464 906 526 abit.

177 548 213 609 lu
224 567 274 608 me
283 545 347 607 tela
356 550 491 622 manent,
502 550 606 603 manet
616 550 649 603 et
658 543 790 623 puerilis
801 546 925 627 imago:

219 631 284 692 Sed
294 637 381 691 certe
392 647 510 710 pennas
519 626 659 708 perdidit
669 627 725 689 ille
736 646 808 688 suas
819 651 829 705 ς

127 726 159 778 15
180 716 291 778 Evolat
300 716 364 775 heu
372 720 480 774 nostro
494 714 636 791 quoniam
647 711 687 772 de
696 717 830 790 pectore
842 734 983 796 nusquam

221 797 433 876 Assiduusque
444 815 513 856 meo
525 798 672 874 sanguiue
684 793 768 856 bellu
779 798 875 874 gerit.

179 881 261 958 Quid
270 879 505 940 tibi‘iocundum
516 880 607 940 siccis
618 880 759 945 habitare
770 879 940 945 medullis?

219 965 253 1026 Si
261 963 364 1045 pudor
376 970 434 1042 est,
445 963 505 1024 alio
517 964 615 1023 traice
627 964 692 1024 tela
702 969 762 1024 tua.

177 1050 313 1110 Intentos
324 1050 385 1110 isto
397 1048 492 1108 satius
503 1054 658 1129 temptare
668 1065 806 1108 veneno:

124 1145 160 1198 20
219 1135 289 1194 Non
301 1154 369 1214 ego,
381 1132 439 1194 sed
446 1133 551 1192 tenms
560 1130 684 1212 vapulat
693 1133 803 1192 umbra
813 1153 893 1196 mea

178 1221 275 1296 Quam
288 1221 315 1280 si
325 1208 513 1299 perdideris,
527 1218 594 1296 quir
606 1218 667 1277 erit
678 1217 731 1296 qui
740 1215 815 1276 talia
827 1225 932 1279 cantet

221 1295 330 1386 (Haec
341 1322 409 1362 mea
418 1303 509 1362 Musa
519 1300 597 1361 levis
609 1300 708 1379 gloria
718 1319 827 1380 magna
837 1309 893 1363 tua
903 1297 971 1388 est),

179 1389 239 1462 Qui
251 1391 342 1463 caput
353 1395 386 1444 et
397 1385 510 1462 digitos
522 1391 554 1443 et
565 1382 680 1443 lumina
691 1386 779 1463 nigra
788 1385 914 1465 puellae

216 1470 259 1531 Et
271 1467 360 1527 canat
369 1474 404 1528 ut
415 1466 536 1528 soleant
546 1466 684 1527 molliter
693 1469 741 1528 ire
751 1469 862 1549 pedes.

135 1603 161 1696 ‘l
176 1599 251 1700 Non
260 1645 309 1700 tot
319 1637 535 1700 Achaemeniis
551 1644 708 1704 armantur
720 1637 797 1698 Susa
808 1641 937 1717 sagittis,
979 1594 1007 1691 ll

219 1723 344 1803 Spicula
354 1731 430 1802 quot
443 1730 551 1785 nostro
562 1730 693 1804 pectore
703 1723 771 1782 fixit
781 1722 888 1784 Amor.

177 1808 238 1867 Hic
249 1825 298 1867 me
309 1812 372 1866 tam
383 1807 516 1885 graciles
527 1810 627 1867 vetuit
637 1812 838 1867 contemnere
849 1808 960 1883 Musas,

218 1891 310 1951 lussit
321 1896 355 1948 et
364 1890 532 1950 Ascraeum
543 1893 588 1950 sic
599 1892 740 1951 habitare
752 1910 873 1970 nemus,

139 1982 156 2032 5
176 1973 246 2032 Nou
257 1980 291 2033 ut
302 1973 425 2032 Pieriae
437 1992 569 2050 quercus
580 1991 649 2030 mea
659 1975 753 2031 verba
764 1982 944 2054 sequautur,

216 2056 280 2113 Aut
288 2055 404 2130 possim
414 2055 539 2110 Ismaria
550 2053 665 2111 ducere
676 2053 755 2116 ualle
766 2057 862 2136 feras,

176 2135 241 2194 Sed
251 2132 345 2210 magis
356 2138 391 2191 ut
401 2138 508 2191 nostro
520 2134 665 2212 stupefiat
677 2136 810 2212 Cynthia
820 2158 935 2204 versu:

216 2218 305 2277 'l'uuc
317 2232 374 2295 ego
386 2218 444 2277 sim
454 2216 577 2277 Inachio
589 2218 693 2277 notior
705 2224 771 2277 arte
783 2218 872 2280 Lino.

176 2303 245 2363 Non
257 2321 313 2382 ego
328 2321 395 2363 sum
405 2300 523 2364 formae
535 2309 654 2364 tantum
665 2304 792 2363 mirator
802 2303 966 2387 honestae,

122 2399 157 2453 10
216 2388 282 2450 Nec
294 2390 320 2451 si
333 2409 392 2470 qua
404 2387 546 2450 illustres
558 2389 673 2449 femina
682 2390 776 2448 iactat
787 2406 874 2447 avos:

176 2476 231 2536 Me
244 2477 329 2535 iuvet
338 2476 373 2533 in
384 2477 501 2552 gremio
513 2473 623 2533 doctae
633 2472 749 2550 legisse
759 2470 895 2551 puellae,

172 2587 176 2594 ·
216 2558 351 2617 Auribus
363 2564 396 2615 et
405 2559 491 2636 puris
502 2558 618 2636 scripta
626 2558 774 2636 probasse
784 2551 869 2616 meas

174 2642 261 2702 Haec
272 2642 325 2700 uhi
337 2641 536 2718 contigerint,
547 2639 654 2721 populi
666 2641 792 2701 confusa
803 2639 905 2703 valeto

214 2723 346 2785 Fabula:
368 2743 439 2784 uam
452 2725 573 2784 domina
583 2725 686 2786 iudice
697 2731 781 2785 tutus
793 2744 857 2786 ero.

121 2820 154 2871 15
177 2809 261 2884 Quae
273 2812 299 2868 si
310 2811 394 2868 forte
405 2811 502 2870 bonas
513 2808 551 2868 ad
560 2828 669 2889 pacem
680 2810 813 2869 verterit
823 2829 925 2889 aures,

215 2891 344 2949 Possum
355 2894 530 2951 iuimicitias
541 2897 616 2949 tunc
628 2909 685 2969 ego
697 2892 784 2951 ferre
795 2893 883 2956 lovis.

132 3025 157 3117 5
177 3024 440 3138 Quandocumque
451 3057 546 3136 Igitur
556 3064 679 3119 nostros
691 3080 773 3122 mors
782 3060 908 3126 claudet
918 3065 1025 3128 ocellos

138 3221 140 3225 .
214 3145 330 3224 Accipe
343 3162 421 3222 quae
433 3161 537 3202 serves
547 3143 667 3205 funeris
679 3152 746 3206 acta
755 3149 825 3209 mei.

173 3225 238 3286 Nec
249 3233 317 3285 mea
328 3234 401 3287 tuuc
412 3225 504 3306 longa
514 3228 665 3307 spatietur
675 3232 808 3310 imagine
819 3251 944 3315 pompa,

213 3310 278 3369 Nec
291 3311 365 3370 tuba
376 3311 417 3370 sit
428 3311 485 3370 fati
495 3331 571 3371 vana
582 3313 722 3392 querella
732 3317 804 3395 mei,
1007 3326 1025 3379 A

137 3402 152 3452 5
174 3393 239 3453 Nec
250 3394 325 3453 mihi
336 3400 410 3454 tunc
421 3392 523 3455 fulcro
536 3402 693 3460 sternatur
702 3398 804 3460 lectus
816 3402 948 3477 eburno,

196 3542 201 3551 ,
214 3476 280 3538 Nec
292 3479 333 3538 sit
342 3479 376 3538 iu
386 3478 519 3540 Attalico
531 3501 614 3543 mors
624 3502 692 3544 mea
702 3485 772 3544 uiua
781 3492 860 3547 toro.
