2220 3846
418 215 779 284 PROPERTII

245 392 315 451 Non
327 409 385 468 ego
400 390 558 468 nequitiae
570 386 694 447 dicerer
706 403 775 445 esse
789 392 892 466 eaput,

204 474 233 536 N
234 493 271 534 ee
282 475 326 534 sic
336 492 395 553 per
405 479 502 533 totam
512 471 635 531 infamis
645 468 830 529 traducerer
842 472 967 551 urbem,

244 560 365 620 Urerer
376 564 409 616 et
420 556 565 635 quamvis,
578 555 702 613 nomine
713 555 810 613 verba
821 552 940 618 darem.

206 644 308 719 Quare
317 660 358 701 ne
371 642 429 701 tibi
441 642 482 699 sit
494 641 605 699 mirum
615 656 664 697 me
676 655 828 722 quaerere
839 636 939 699 viles:

153 737 187 789 10
246 727 374 786 Parcius
384 726 549 785 infamant:
570 742 643 782 num
653 720 929 783 tibioausalevis‘l

203 811 247 873 Et
258 809 349 868 modo
360 810 487 887 pavonis
500 805 614 866 caudae
624 802 752 865 flabella
764 808 920 885 superbae

244 894 286 953 Et
296 893 435 950 manibus
447 889 523 949 (lura
533 890 632 967 frigus
643 890 760 970 habere
771 889 836 969 pila

204 977 246 1039 Et
258 976 343 1053 cupit
352 975 465 1033 iratum
475 972 557 1033 talos
566 992 616 1032 me
627 990 759 1051 poscere
770 973 918 1051 eburnos,

206 1084 208 1089 ·
246 1060 393 1136 Quaeque
408 1059 511 1117 nitent
521 1058 616 1117 Sacra
625 1053 698 1115 vilia
710 1055 790 1116 dona
800 1055 870 1118 Via,

151 1152 184 1206 15
206 1144 402 1222 Ahpeream,
414 1143 440 1200 si
451 1160 500 1201 me
511 1143 571 1202 ista
581 1145 705 1200 movent
716 1139 895 1220 dispendia:
918 1139 1029 1202 sedne

245 1224 366 1287 Fallaei
378 1225 519 1285 dominae
530 1227 590 1285 ium
600 1222 699 1305 pudet
710 1242 780 1283 esse
792 1225 902 1298 ioonm.

133 1358 187 1450 19
205 1359 276 1451 lloe
287 1398 356 1451 erat
365 1393 399 1450 in
408 1394 517 1471 primis
529 1391 612 1469 quod
623 1409 674 1450 me
685 1389 822 1469 gaudere
831 1391 983 1452 iubebas?

247 1473 325 1533 Tam
334 1481 368 1534 te
378 1475 544 1535 formosam
555 1494 617 1533 non
627 1474 726 1553 pudet
737 1493 806 1534 esse
817 1473 943 1534 levem?

203 1557 273 1618 Una
284 1564 336 1617 ant
347 1557 447 1618 altera
459 1578 517 1618 uox
528 1558 664 1618 nondum
675 1565 723 1618 est
733 1560 767 1618 in
779 1577 882 1619 amore
893 1564 1027 1639 peraeta,

243 1643 286 1702 Et
297 1642 384 1703 dicor
394 1641 478 1703 lecto
489 1645 550 1702 iam
561 1645 660 1720 gravis
673 1661 743 1702 esse
754 1649 818 1704 tuo.
1035 1649 1064 1702 it

166 1734 183 1786 5
205 1725 260 1786 Me
271 1725 362 1786 modo
373 1726 520 1786 laudabas
533 1734 565 1787 et
576 1729 710 1786 earmina
721 1733 829 1786 nostra
839 1724 985 1806 legebas:

111 1879 113 1884 ¹
243 1807 304 1869 llle
315 1816 385 1870 tuus
395 1830 514 1891 pennas
525 1817 587 1870 tam
598 1813 660 1871 eito
671 1812 767 1870 vertit
778 1812 887 1871 amor?

204 1892 382 1955 contendat
393 1914 511 1955 meeum
522 1896 658 1973 ingenio,
672 1893 840 1955 contendat
850 1903 884 1956 et
895 1902 973 1974 arte,
1071 1928 1076 1938 ·

243 1977 397 2057 Inprimis
408 1999 468 2038 una
479 1977 579 2038 diseat
589 1997 692 2038 amare
704 1978 810 2039 domo:

204 2058 238 2119 Si
251 2058 375 2120 libitum
385 2064 443 2122 tibi
455 2063 526 2138 erit,
536 2062 692 2122 Lernaeas
704 2067 821 2144 pugnet
829 2061 871 2138 ‚ad
881 2061 1012 2142 hydras·
1037 2068 1067 2122 25

149 2151 184 2204 10
244 2143 287 2202 Et
297 2143 356 2202 tibi
367 2145 404 2203 ab
416 2146 572 2223 Hesperio
584 2144 664 2205 mala
676 2145 811 2207 dracone
822 2145 916 2223 ferat,

203 2225 302 2286 Tetra
311 2244 431 2286 venena
442 2226 546 2288 libens
558 2235 591 2288 et
603 2231 769 2307 naufragus
780 2230 885 2288 ebibat
895 2229 996 2295 undas

179 2340 181 2344 ·
240 2310 283 2369 Et
292 2330 456 2390 numquam
466 2332 525 2391 pro
536 2321 570 2373 te
582 2313 718 2391 deneget
729 2331 798 2374 esse
809 2314 905 2372 miser

203 2389 309 2479 (Quos
320 2397 438 2457 utinam
448 2399 482 2457 in
492 2399 593 2475 nobis,
605 2398 677 2474 vita,
688 2395 989 2477 experiarelabores
997 2391 1044 2485 !]:

240 2478 302 2538 lam
314 2482 372 2540 tibi
384 2480 424 2540 de
435 2481 552 2541 timidis
562 2483 623 2541 ite
636 2483 788 2560 superbus
800 2482 872 2558 erit,
1041 2488 1074 2541 30

148 2569 181 2622 15
203 2562 263 2637 Qui
274 2582 355 2622 nunc
367 2583 400 2622 te
411 2567 445 2623 in
456 2563 607 2624 tumidum
619 2564 762 2624 iactando
774 2565 862 2625 venit
871 2564 1041 2624 honorem:

164 2667 168 2673 ’
239 2645 411 2706 Discidium
423 2649 510 2707 vobis
521 2649 678 2727 proximus
690 2667 787 2708 annus
800 2648 871 2709 erit.

199 2729 242 2788 At
251 2749 301 2788 me
312 2750 376 2790 non
386 2738 469 2790 aetas
480 2733 610 2792 mutabit
620 2738 686 2791 tota
697 2728 848 2810 Sibyllae,

239 2812 308 2871 Non
319 2812 409 2873 labor
420 2814 561 2892 Alcidae,
572 2835 635 2874 non
645 2817 736 2893 niger
747 2814 806 2874 ille
818 2814 896 2874 dies.

199 2895 250 2953 Tu
260 2912 327 2952 mea
339 2915 504 2975 compones
517 2905 550 2956 et
561 2898 645 2957 dices
658 2902 749 2975 eosan,
760 2897 920 2979 Properti,
1041 2902 1074 2956 35

143 2986 179 3036 20
240 2977 326 3035 Haec
338 2983 390 3036 tna
401 2985 486 3036 snut:
509 2980 572 3037 heu
584 2980 690 3040 hentu
701 2983 777 3042 mihi
788 2988 895 3042 certus
906 2998 987 3056 eras,

152 3129 154 3132 Α
199 3061 312 3120 Certus
324 3078 394 3119 eras
405 3061 550 3139 heuheu,
564 3065 698 3141 quamvis
708 3085 769 3125 nee
780 3067 931 3144 sanguine
943 3064 1026 3124 avito

235 3141 357 3202 Nobilis
369 3151 401 3202 et
413 3147 548 3222 quamvis
558 3148 641 3207 haud
651 3150 696 3208 ita
707 3149 794 3210 dives
805 3152 899 3208 erus'

196 3222 249 3285 Nil
261 3244 318 3302 ego
329 3246 392 3285 non
400 3231 510 3306 patiar,
522 3250 687 3310 numquam
697 3253 748 3294 me
758 3233 874 3293 iniuria
885 3235 1001 3291 mutat:

236 3308 337 3369 Ferre
349 3327 407 3388 ego
419 3312 584 3375 formosam
594 3315 714 3377 nullmu
725 3337 803 3377 onus
815 3335 886 3376 esse
897 3320 984 3396 puto.

139 3397 175 3452 25
197 3390 302 3452 Credo
314 3411 372 3471 ego
383 3415 445 3456 non
456 3417 570 3476 pancos
579 3402 640 3460 ista
650 3402 784 3480 periisse
794 3401 905 3478 figura,

235 3477 339 3539 Credo
351 3497 409 3559 ego
421 3481 478 3543 sed
488 3482 602 3545 multos
613 3504 676 3545 non
687 3486 833 3545 habuisse
844 3483 949 3543 iidem.
