<?xml version="1.0" encoding="UTF-8"?>
<!DOCTYPE html PUBLIC "-//W3C//DTD XHTML 1.0 Transitional//EN"
    "http://www.w3.org/TR/xhtml1/DTD/xhtml1-transitional.dtd">
<html xmlns="http://www.w3.org/1999/xhtml" xml:lang="en" lang="en">
 <head>
  <title>
</title>
<meta http-equiv="Content-Type" content="text/html;charset=utf-8" />
  <meta name='ocr-system' content='tesseract 3.04.00' />
  <meta name='ocr-capabilities' content='ocr_page ocr_carea ocr_par ocr_line ocrx_word'/>
</head>
<body>
  <div class='ocr_page' id='page_1' title='image "./elegiae00propgoog_0013.png"; bbox 0 0 2220 3846; ppageno 0'>
   <div class='ocr_carea' id='block_1_1' title="bbox 104 160 765 260">
    <p class='ocr_par' dir='ltr' id='par_1_1' title="bbox 104 160 765 260">
     <span class='ocr_line' id='line_1_1' title="bbox 104 160 765 260; baseline -0.015 0"><span class='ocrx_word' id='word_1_1' title='bbox 104 197 126 260; x_wconf 68' lang='grc' dir='ltr'>ι</span> <span class='ocrx_word' id='word_1_2' title='bbox 402 160 765 252; x_wconf 75' lang='grc' dir='ltr'>Ριιόιιιιιιιι</span> 
     </span>
    </p>
   </div>
   <div class='ocr_carea' id='block_1_2' title="bbox 93 357 1043 3525">
    <p class='ocr_par' dir='ltr' id='par_1_2' title="bbox 93 357 1043 3525">
     <span class='ocr_line' id='line_1_2' title="bbox 136 357 857 438; baseline -0.01 -17"><span class='ocrx_word' id='word_1_3' title='bbox 136 370 171 426; x_wconf 80' lang='lat'>30</span> <span class='ocrx_word' id='word_1_4' title='bbox 233 363 300 438; x_wconf 80' lang='lat' dir='ltr'>Qua</span> <span class='ocrx_word' id='word_1_5' title='bbox 309 377 372 419; x_wconf 91' lang='lat' dir='ltr'>non</span> <span class='ocrx_word' id='word_1_6' title='bbox 382 357 445 418; x_wconf 90' lang='lat' dir='ltr'>nlla</span> <span class='ocrx_word' id='word_1_7' title='bbox 454 376 556 417; x_wconf 90' lang='lat' dir='ltr'>meum</span> <span class='ocrx_word' id='word_1_8' title='bbox 566 358 682 417; x_wconf 83' lang='lat' dir='ltr'>femina</span> <span class='ocrx_word' id='word_1_9' title='bbox 691 359 776 418; x_wconf 90' lang='lat' dir='ltr'>norit</span> <span class='ocrx_word' id='word_1_10' title='bbox 786 359 857 418; x_wconf 91' lang='lat' dir='ltr'>iter.</span> 
     </span>
     <span class='ocr_line' id='line_1_3' title="bbox 188 439 958 521; baseline -0.005 -14"><span class='ocrx_word' id='word_1_11' title='bbox 188 445 254 508; x_wconf 78' lang='lat' dir='ltr'>vos</span> <span class='ocrx_word' id='word_1_12' title='bbox 265 449 436 519; x_wconf 86' lang='lat' dir='ltr'>remanete,</span> <span class='ocrx_word' id='word_1_13' title='bbox 449 442 558 519; x_wconf 82' lang='lat' dir='ltr'>quibus</span> <span class='ocrx_word' id='word_1_14' title='bbox 569 439 655 500; x_wconf 86' lang='lat' dir='ltr'>facili</span> <span class='ocrx_word' id='word_1_15' title='bbox 668 439 743 500; x_wconf 79' lang='lat' dir='ltr'>deur</span> <span class='ocrx_word' id='word_1_16' title='bbox 756 443 862 501; x_wconf 80' lang='lat' dir='ltr'><strong>annuit</strong></span> <span class='ocrx_word' id='word_1_17' title='bbox 873 462 958 521; x_wconf 84' lang='lat' dir='ltr'>aure,</span> 
     </span>
     <span class='ocr_line' id='line_1_4' title="bbox 232 527 840 604; baseline -0.005 -15"><span class='ocrx_word' id='word_1_18' title='bbox 232 527 307 589; x_wconf 83' lang='lat' dir='ltr'>Sitis</span> <span class='ocrx_word' id='word_1_19' title='bbox 318 533 351 586; x_wconf 94' lang='lat' dir='ltr'>et</span> <span class='ocrx_word' id='word_1_20' title='bbox 362 527 474 585; x_wconf 91' lang='lat' dir='ltr'>intuto</span> <span class='ocrx_word' id='word_1_21' title='bbox 489 542 612 604; x_wconf 80' lang='lat' dir='ltr'>semper</span> <span class='ocrx_word' id='word_1_22' title='bbox 624 542 727 584; x_wconf 84' lang='lat' dir='ltr'>amore</span> <span class='ocrx_word' id='word_1_23' title='bbox 738 543 840 604; x_wconf 78' lang='lat' dir='ltr'>pareo.</span> 
     </span>
     <span class='ocr_line' id='line_1_5' title="bbox 188 609 911 691; baseline -0.006 -18"><span class='ocrx_word' id='word_1_24' title='bbox 188 614 223 673; x_wconf 91' lang='lat' dir='ltr'>Iu</span> <span class='ocrx_word' id='word_1_25' title='bbox 233 630 283 671; x_wconf 92' lang='lat' dir='ltr'>me</span> <span class='ocrx_word' id='word_1_26' title='bbox 294 609 514 691; x_wconf 74' lang='lat' dir='ltr'>uostraVenus</span> <span class='ocrx_word' id='word_1_27' title='bbox 525 612 634 667; x_wconf 79' lang='lat' dir='ltr'>noctes</span> <span class='ocrx_word' id='word_1_28' title='bbox 646 614 772 668; x_wconf 82' lang='lat' dir='ltr'>exercet</span> <span class='ocrx_word' id='word_1_29' title='bbox 784 628 911 688; x_wconf 78' lang='lat' dir='ltr'>amarae,</span> 
     </span>
     <span class='ocr_line' id='line_1_6' title="bbox 228 690 838 772; baseline -0.003 -16"><span class='ocrx_word' id='word_1_30' title='bbox 228 697 271 757; x_wconf 83' lang='lat' dir='ltr'>Et</span> <span class='ocrx_word' id='word_1_31' title='bbox 281 692 367 754; x_wconf 91' lang='lat' dir='ltr'>nullo</span> <span class='ocrx_word' id='word_1_32' title='bbox 378 711 490 752; x_wconf 86' lang='lat' dir='ltr'>vacuua</span> <span class='ocrx_word' id='word_1_33' title='bbox 501 697 643 772; x_wconf 88' lang='lat' dir='ltr'>tempore</span> <span class='ocrx_word' id='word_1_34' title='bbox 656 690 733 750; x_wconf 87' lang='lat' dir='ltr'>defit</span> <span class='ocrx_word' id='word_1_35' title='bbox 743 711 838 754; x_wconf 82' lang='lat' dir='ltr'>emor.</span> 
     </span>
     <span class='ocr_line' id='line_1_7' title="bbox 134 773 1043 856; baseline -0.002 -15"><span class='ocrx_word' id='word_1_36' title='bbox 134 789 169 843; x_wconf 80' lang='lat'>35</span> <span class='ocrx_word' id='word_1_37' title='bbox 191 780 271 856; x_wconf 86' lang='lat' dir='ltr'>Hoc,</span> <span class='ocrx_word' id='word_1_38' title='bbox 281 796 404 855; x_wconf 85' lang='lat' dir='ltr'>moneo,</span> <span class='ocrx_word' id='word_1_39' title='bbox 415 777 511 836; x_wconf 83' lang='lat' dir='ltr'>vitate</span> <span class='ocrx_word' id='word_1_40' title='bbox 521 773 649 835; x_wconf 85' lang='lat' dir='ltr'>malum:</span> <span class='ocrx_word' id='word_1_41' title='bbox 672 794 726 834; x_wconf 87' lang='lat' dir='ltr'>aua</span> <span class='ocrx_word' id='word_1_42' title='bbox 738 794 890 854; x_wconf 88' lang='lat' dir='ltr'>quemque</span> <span class='ocrx_word' id='word_1_43' title='bbox 902 785 1043 839; x_wconf 88' lang='lat' dir='ltr'>moretur</span> 
     </span>
     <span class='ocr_line' id='line_1_8' title="bbox 161 857 921 938; baseline 0.005 -21"><span class='ocrx_word' id='word_1_44' title='bbox 161 912 164 917; x_wconf 93' lang='grc'><em>,</em></span> <span class='ocrx_word' id='word_1_45' title='bbox 230 863 322 938; x_wconf 81' lang='lat' dir='ltr'>Cura,</span> <span class='ocrx_word' id='word_1_46' title='bbox 334 877 436 938; x_wconf 90' lang='lat' dir='ltr'>neque</span> <span class='ocrx_word' id='word_1_47' title='bbox 448 864 571 918; x_wconf 82' lang='lat' dir='ltr'>arsueto</span> <span class='ocrx_word' id='word_1_48' title='bbox 583 864 682 918; x_wconf 91' lang='lat' dir='ltr'>mutet</span> <span class='ocrx_word' id='word_1_49' title='bbox 694 877 798 918; x_wconf 86' lang='lat' dir='ltr'>amore</span> <span class='ocrx_word' id='word_1_50' title='bbox 808 857 921 921; x_wconf 92' lang='lat' dir='ltr'>locum.</span> 
     </span>
     <span class='ocr_line' id='line_1_9' title="bbox 188 939 943 1022; baseline -0.001 -18"><span class='ocrx_word' id='word_1_51' title='bbox 188 942 279 1022; x_wconf 80' lang='lat' dir='ltr'>Quod</span> <span class='ocrx_word' id='word_1_52' title='bbox 290 946 316 1004; x_wconf 81' lang='lat' dir='ltr'>si</span> <span class='ocrx_word' id='word_1_53' title='bbox 328 944 396 1022; x_wconf 80' lang='lat' dir='ltr'>quia</span> <span class='ocrx_word' id='word_1_54' title='bbox 407 943 531 1002; x_wconf 80' lang='lat' dir='ltr'>monitis</span> <span class='ocrx_word' id='word_1_55' title='bbox 542 939 646 1002; x_wconf 82' lang='lat' dir='ltr'>tardor</span> <span class='ocrx_word' id='word_1_56' title='bbox 660 940 832 1002; x_wconf 87' lang='lat' dir='ltr'>adverterit</span> <span class='ocrx_word' id='word_1_57' title='bbox 843 962 943 1022; x_wconf 82' lang='lat' dir='ltr'>eures,</span> 
     </span>
     <span class='ocr_line' id='line_1_10' title="bbox 228 1024 877 1107; baseline -0.005 -19"><span class='ocrx_word' id='word_1_58' title='bbox 228 1029 300 1088; x_wconf 89' lang='lat' dir='ltr'>Heu</span> <span class='ocrx_word' id='word_1_59' title='bbox 310 1027 432 1107; x_wconf 79' lang='lat' dir='ltr'>referet</span> <span class='ocrx_word' id='word_1_60' title='bbox 443 1031 556 1104; x_wconf 82' lang='lat' dir='ltr'>quanto</span> <span class='ocrx_word' id='word_1_61' title='bbox 567 1027 662 1085; x_wconf 82' lang='lat' dir='ltr'>rerba</span> <span class='ocrx_word' id='word_1_62' title='bbox 673 1024 783 1086; x_wconf 88' lang='lat' dir='ltr'>dolore</span> <span class='ocrx_word' id='word_1_63' title='bbox 795 1028 877 1086; x_wconf 90' lang='lat' dir='ltr'>mea!</span> 
     </span>
     <span class='ocr_line' id='line_1_11' title="bbox 93 1158 895 1273; baseline -0.001 -20"><span class='ocrx_word' id='word_1_64' title='bbox 93 1184 98 1243; x_wconf 77' lang='lat' dir='ltr'>l</span> <span class='ocrx_word' id='word_1_65' title='bbox 145 1161 172 1252; x_wconf 69' lang='lat'>2</span> <span class='ocrx_word' id='word_1_66' title='bbox 189 1158 489 1262; x_wconf 75' lang='lat' dir='ltr'>lluidiuvatornato</span> <span class='ocrx_word' id='word_1_67' title='bbox 500 1190 686 1272; x_wconf 87' lang='lat' dir='ltr'>procedere,</span> <span class='ocrx_word' id='word_1_68' title='bbox 697 1193 770 1269; x_wconf 79' lang='lat' dir='ltr'>vitu,</span> <span class='ocrx_word' id='word_1_69' title='bbox 783 1191 895 1273; x_wconf 86' lang='lat' dir='ltr'>capillo</span> 
     </span>
     <span class='ocr_line' id='line_1_12' title="bbox 228 1277 822 1337; baseline -0.003 -1"><span class='ocrx_word' id='word_1_70' title='bbox 228 1278 271 1337; x_wconf 79' lang='lat' dir='ltr'>nt</span> <span class='ocrx_word' id='word_1_71' title='bbox 280 1283 391 1336; x_wconf 72' lang='lat' dir='ltr'>tenue·</span> <span class='ocrx_word' id='word_1_72' title='bbox 404 1277 468 1336; x_wconf 77' lang='lat' dir='ltr'>Coa</span> <span class='ocrx_word' id='word_1_73' title='bbox 477 1282 565 1335; x_wconf 73' lang='lat' dir='ltr'>reate</span> <span class='ocrx_word' id='word_1_74' title='bbox 576 1293 701 1335; x_wconf 84' lang='lat' dir='ltr'>movere</span> <span class='ocrx_word' id='word_1_75' title='bbox 713 1277 822 1335; x_wconf 66' lang='lat' dir='ltr'>rinus?</span> 
     </span>
     <span class='ocr_line' id='line_1_13' title="bbox 188 1357 928 1439; baseline -0.003 -18"><span class='ocrx_word' id='word_1_76' title='bbox 188 1362 252 1422; x_wconf 83' lang='lat' dir='ltr'>Ant</span> <span class='ocrx_word' id='word_1_77' title='bbox 263 1358 338 1438; x_wconf 92' lang='lat' dir='ltr'>qnid</span> <span class='ocrx_word' id='word_1_78' title='bbox 349 1359 487 1418; x_wconf 87' lang='lat' dir='ltr'>Orontea</span> <span class='ocrx_word' id='word_1_79' title='bbox 498 1360 601 1418; x_wconf 79' lang='lat' dir='ltr'>crines</span> <span class='ocrx_word' id='word_1_80' title='bbox 611 1357 803 1439; x_wconf 84' lang='lat' dir='ltr'>perfundere</span> <span class='ocrx_word' id='word_1_81' title='bbox 814 1380 928 1438; x_wconf 84' lang='lat' dir='ltr'>murra,</span> 
     </span>
     <span class='ocr_line' id='line_1_14' title="bbox 230 1440 876 1523; baseline -0.002 -20"><span class='ocrx_word' id='word_1_82' title='bbox 230 1443 340 1521; x_wconf 85' lang='lat' dir='ltr'>Teque</span> <span class='ocrx_word' id='word_1_83' title='bbox 351 1443 527 1523; x_wconf 79' lang='lat' dir='ltr'>peregrinis</span> <span class='ocrx_word' id='word_1_84' title='bbox 538 1440 676 1502; x_wconf 82' lang='lat' dir='ltr'>vendere</span> <span class='ocrx_word' id='word_1_85' title='bbox 687 1443 876 1520; x_wconf 81' lang='lat' dir='ltr'>muneribus,</span> 
     </span>
     <span class='ocr_line' id='line_1_15' title="bbox 150 1524 885 1606; baseline -0.003 -20"><span class='ocrx_word' id='word_1_86' title='bbox 150 1536 166 1586; x_wconf 81' lang='lat'>5</span> <span class='ocrx_word' id='word_1_87' title='bbox 187 1526 384 1604; x_wconf 91' lang='lat' dir='ltr'>Naturaeque</span> <span class='ocrx_word' id='word_1_88' title='bbox 398 1524 492 1585; x_wconf 79' lang='lat' dir='ltr'>decus</span> <span class='ocrx_word' id='word_1_89' title='bbox 504 1531 640 1585; x_wconf 88' lang='lat' dir='ltr'>mercato</span> <span class='ocrx_word' id='word_1_90' title='bbox 651 1525 787 1606; x_wconf 86' lang='lat' dir='ltr'>perdere</span> <span class='ocrx_word' id='word_1_91' title='bbox 799 1524 885 1585; x_wconf 90' lang='lat' dir='ltr'>cultu</span> 
     </span>
     <span class='ocr_line' id='line_1_16' title="bbox 227 1609 982 1689; baseline 0.001 -20"><span class='ocrx_word' id='word_1_92' title='bbox 227 1609 292 1669; x_wconf 90' lang='lat' dir='ltr'>Nee</span> <span class='ocrx_word' id='word_1_93' title='bbox 304 1610 407 1668; x_wconf 81' lang='lat' dir='ltr'>aluere</span> <span class='ocrx_word' id='word_1_94' title='bbox 418 1611 451 1669; x_wconf 93' lang='lat' dir='ltr'>in</span> <span class='ocrx_word' id='word_1_95' title='bbox 461 1610 597 1689; x_wconf 78' lang='lat' dir='ltr'>propriis</span> <span class='ocrx_word' id='word_1_96' title='bbox 609 1610 746 1669; x_wconf 89' lang='lat' dir='ltr'>membra</span> <span class='ocrx_word' id='word_1_97' title='bbox 755 1611 858 1669; x_wconf 84' lang='lat' dir='ltr'>nitere</span> <span class='ocrx_word' id='word_1_98' title='bbox 869 1612 982 1670; x_wconf 74' lang='lat' dir='ltr'>bonis?</span> 
     </span>
     <span class='ocr_line' id='line_1_17' title="bbox 188 1689 986 1771; baseline -0.001 -17"><span class='ocrx_word' id='word_1_99' title='bbox 188 1690 291 1754; x_wconf 81' lang='lat' dir='ltr'>Crede</span> <span class='ocrx_word' id='word_1_100' title='bbox 304 1693 389 1770; x_wconf 88' lang='lat' dir='ltr'>mihi,</span> <span class='ocrx_word' id='word_1_101' title='bbox 400 1713 463 1752; x_wconf 89' lang='lat' dir='ltr'>nou</span> <span class='ocrx_word' id='word_1_102' title='bbox 474 1689 538 1752; x_wconf 89' lang='lat' dir='ltr'>ulla</span> <span class='ocrx_word' id='word_1_103' title='bbox 547 1697 620 1753; x_wconf 86' lang='lat' dir='ltr'>tuoe</span> <span class='ocrx_word' id='word_1_104' title='bbox 631 1698 680 1753; x_wconf 84' lang='lat' dir='ltr'>est</span> <span class='ocrx_word' id='word_1_105' title='bbox 690 1692 843 1752; x_wconf 84' lang='lat' dir='ltr'>medicine</span> <span class='ocrx_word' id='word_1_106' title='bbox 853 1694 986 1771; x_wconf 86' lang='lat' dir='ltr'>figurae:</span> 
     </span>
     <span class='ocr_line' id='line_1_18' title="bbox 228 1774 904 1850; baseline 0.004 -15"><span class='ocrx_word' id='word_1_107' title='bbox 228 1774 334 1835; x_wconf 77' lang='lat' dir='ltr'>Nudur</span> <span class='ocrx_word' id='word_1_108' title='bbox 345 1777 441 1836; x_wconf 86' lang='lat' dir='ltr'>Amor</span> <span class='ocrx_word' id='word_1_109' title='bbox 451 1775 570 1836; x_wconf 83' lang='lat' dir='ltr'>formae</span> <span class='ocrx_word' id='word_1_110' title='bbox 581 1795 643 1850; x_wconf 89' lang='lat' dir='ltr'>non</span> <span class='ocrx_word' id='word_1_111' title='bbox 655 1783 736 1836; x_wconf 79' lang='lat' dir='ltr'>amat</span> <span class='ocrx_word' id='word_1_112' title='bbox 745 1778 904 1839; x_wconf 84' lang='lat' dir='ltr'>artificem.</span> 
     </span>
     <span class='ocr_line' id='line_1_19' title="bbox 186 1860 1037 1939; baseline 0.002 -21"><span class='ocrx_word' id='word_1_113' title='bbox 186 1860 300 1939; x_wconf 74' lang='lat' dir='ltr'>Aspice</span> <span class='ocrx_word' id='word_1_114' title='bbox 312 1879 388 1938; x_wconf 85' lang='lat' dir='ltr'>quoa</span> <span class='ocrx_word' id='word_1_115' title='bbox 400 1860 562 1919; x_wconf 81' lang='lat' dir='ltr'>summittit</span> <span class='ocrx_word' id='word_1_116' title='bbox 572 1861 681 1919; x_wconf 80' lang='lat' dir='ltr'>humus</span> <span class='ocrx_word' id='word_1_117' title='bbox 692 1861 828 1920; x_wconf 82' lang='lat' dir='ltr'>formose</span> <span class='ocrx_word' id='word_1_118' title='bbox 839 1861 970 1938; x_wconf 81' lang='lat' dir='ltr'>colores,</span> <span class='ocrx_word' id='word_1_119' title='bbox 1032 1873 1037 1880; x_wconf 84' lang='lat'>&#39;</span> 
     </span>
     <span class='ocr_line' id='line_1_20' title="bbox 135 1941 874 2023; baseline 0.001 -20"><span class='ocrx_word' id='word_1_120' title='bbox 135 1952 170 2003; x_wconf 87' lang='lat'>10</span> <span class='ocrx_word' id='word_1_121' title='bbox 219 1941 272 2014; x_wconf 65' lang='lat' dir='ltr'>,Ut</span> <span class='ocrx_word' id='word_1_122' title='bbox 282 1944 406 2002; x_wconf 84' lang='lat' dir='ltr'>veniant</span> <span class='ocrx_word' id='word_1_123' title='bbox 415 1941 552 2002; x_wconf 77' lang='lat' dir='ltr'>hederae</span> <span class='ocrx_word' id='word_1_124' title='bbox 564 1949 675 2023; x_wconf 70' lang='lat' dir='ltr'>sponte</span> <span class='ocrx_word' id='word_1_125' title='bbox 687 1964 742 2003; x_wconf 77' lang='lat' dir='ltr'>sua</span> <span class='ocrx_word' id='word_1_126' title='bbox 753 1941 874 2023; x_wconf 82' lang='lat' dir='ltr'>melius,</span> 
     </span>
     <span class='ocr_line' id='line_1_21' title="bbox 188 2025 909 2106; baseline 0.006 -21"><span class='ocrx_word' id='word_1_127' title='bbox 188 2025 300 2104; x_wconf 79' lang='lat' dir='ltr'>Surget</span> <span class='ocrx_word' id='word_1_128' title='bbox 312 2033 345 2085; x_wconf 88' lang='lat' dir='ltr'>et</span> <span class='ocrx_word' id='word_1_129' title='bbox 356 2028 390 2086; x_wconf 92' lang='lat' dir='ltr'>in</span> <span class='ocrx_word' id='word_1_130' title='bbox 400 2025 475 2086; x_wconf 79' lang='lat' dir='ltr'>solia</span> <span class='ocrx_word' id='word_1_131' title='bbox 486 2026 652 2087; x_wconf 80' lang='lat' dir='ltr'>formosius</span> <span class='ocrx_word' id='word_1_132' title='bbox 664 2029 790 2088; x_wconf 80' lang='lat' dir='ltr'>arbutus</span> <span class='ocrx_word' id='word_1_133' title='bbox 802 2031 909 2106; x_wconf 80' lang='lat' dir='ltr'>antris,</span> 
     </span>
     <span class='ocr_line' id='line_1_22' title="bbox 225 2104 875 2190; baseline 0.006 -23"><span class='ocrx_word' id='word_1_134' title='bbox 225 2109 268 2168; x_wconf 85' lang='lat' dir='ltr'>Et</span> <span class='ocrx_word' id='word_1_135' title='bbox 279 2111 356 2168; x_wconf 86' lang='lat' dir='ltr'>aciat</span> <span class='ocrx_word' id='word_1_136' title='bbox 366 2104 518 2171; x_wconf 78' lang='lat' dir='ltr'>indociles</span> <span class='ocrx_word' id='word_1_137' title='bbox 530 2129 658 2172; x_wconf 89' lang='lat' dir='ltr'>currere</span> <span class='ocrx_word' id='word_1_138' title='bbox 668 2108 793 2190; x_wconf 81' lang='lat' dir='ltr'><strong>lympha</strong></span> <span class='ocrx_word' id='word_1_139' title='bbox 804 2114 875 2171; x_wconf 79' lang='lat' dir='ltr'>rias.</span> 
     </span>
     <span class='ocr_line' id='line_1_23' title="bbox 185 2190 804 2276; baseline 0.003 -25"><span class='ocrx_word' id='word_1_140' title='bbox 185 2190 293 2267; x_wconf 80' lang='lat' dir='ltr'>Litora</span> <span class='ocrx_word' id='word_1_141' title='bbox 303 2193 414 2254; x_wconf 74' lang='lat' dir='ltr'>nativis</span> <span class='ocrx_word' id='word_1_142' title='bbox 425 2192 676 2276; x_wconf 73' lang='lat' dir='ltr'>collucentqicta</span> <span class='ocrx_word' id='word_1_143' title='bbox 686 2191 804 2273; x_wconf 82' lang='lat' dir='ltr'>lapillis</span> 
     </span>
     <span class='ocr_line' id='line_1_24' title="bbox 224 2275 860 2341; baseline 0.003 -7"><span class='ocrx_word' id='word_1_144' title='bbox 224 2275 267 2334; x_wconf 84' lang='lat' dir='ltr'>Et</span> <span class='ocrx_word' id='word_1_145' title='bbox 280 2275 420 2338; x_wconf 69' lang='lat' dir='ltr'>volucres</span> <span class='ocrx_word' id='word_1_146' title='bbox 432 2278 516 2341; x_wconf 84' lang='lat' dir='ltr'>nulla</span> <span class='ocrx_word' id='word_1_147' title='bbox 528 2276 648 2339; x_wconf 82' lang='lat' dir='ltr'>dulcius</span> <span class='ocrx_word' id='word_1_148' title='bbox 659 2283 727 2337; x_wconf 89' lang='lat' dir='ltr'>arte</span> <span class='ocrx_word' id='word_1_149' title='bbox 740 2283 860 2338; x_wconf 89' lang='lat' dir='ltr'>canunt.</span> 
     </span>
     <span class='ocr_line' id='line_1_25' title="bbox 133 2356 949 2444; baseline 0.001 -26"><span class='ocrx_word' id='word_1_150' title='bbox 133 2366 166 2419; x_wconf 80' lang='lat'>15</span> <span class='ocrx_word' id='word_1_151' title='bbox 186 2356 256 2419; x_wconf 91' lang='lat' dir='ltr'>Nou</span> <span class='ocrx_word' id='word_1_152' title='bbox 267 2361 312 2419; x_wconf 83' lang='lat' dir='ltr'>aic</span> <span class='ocrx_word' id='word_1_153' title='bbox 322 2359 488 2444; x_wconf 83' lang='lat' dir='ltr'>Leucippis</span> <span class='ocrx_word' id='word_1_154' title='bbox 499 2361 660 2424; x_wconf 79' lang='lat' dir='ltr'>succendit</span> <span class='ocrx_word' id='word_1_155' title='bbox 671 2363 802 2423; x_wconf 76' lang='lat' dir='ltr'>castora</span> <span class='ocrx_word' id='word_1_156' title='bbox 811 2362 949 2439; x_wconf 87' lang='lat' dir='ltr'>Phoebe,</span> 
     </span>
     <span class='ocr_line' id='line_1_26' title="bbox 225 2441 797 2521; baseline 0.005 -20"><span class='ocrx_word' id='word_1_157' title='bbox 225 2441 386 2506; x_wconf 86' lang='lat' dir='ltr'>Pollucem</span> <span class='ocrx_word' id='word_1_158' title='bbox 398 2446 482 2508; x_wconf 87' lang='lat' dir='ltr'>cultu</span> <span class='ocrx_word' id='word_1_159' title='bbox 492 2467 555 2508; x_wconf 90' lang='lat' dir='ltr'>nou</span> <span class='ocrx_word' id='word_1_160' title='bbox 566 2446 687 2507; x_wconf 89' lang='lat' dir='ltr'>Hilaira</span> <span class='ocrx_word' id='word_1_161' title='bbox 698 2465 797 2521; x_wconf 83' lang='lat' dir='ltr'>soror,</span> 
     </span>
     <span class='ocr_line' id='line_1_27' title="bbox 184 2525 994 2607; baseline 0.001 -20"><span class='ocrx_word' id='word_1_162' title='bbox 184 2525 263 2605; x_wconf 80' lang='lat' dir='ltr'>Nou,</span> <span class='ocrx_word' id='word_1_163' title='bbox 274 2529 346 2588; x_wconf 87' lang='lat' dir='ltr'>ldae</span> <span class='ocrx_word' id='word_1_164' title='bbox 358 2536 391 2588; x_wconf 90' lang='lat' dir='ltr'>et</span> <span class='ocrx_word' id='word_1_165' title='bbox 402 2529 513 2607; x_wconf 86' lang='lat' dir='ltr'>cupido</span> <span class='ocrx_word' id='word_1_166' title='bbox 526 2529 680 2605; x_wconf 89' lang='lat' dir='ltr'>quondam</span> <span class='ocrx_word' id='word_1_167' title='bbox 691 2525 845 2585; x_wconf 82' lang='lat' dir='ltr'>discordia</span> <span class='ocrx_word' id='word_1_168' title='bbox 855 2525 994 2605; x_wconf 87' lang='lat' dir='ltr'>Phoebo,</span> 
     </span>
     <span class='ocr_line' id='line_1_28' title="bbox 223 2609 685 2690; baseline -0.009 -20"><span class='ocrx_word' id='word_1_169' title='bbox 223 2611 325 2670; x_wconf 85' lang='lat' dir='ltr'>Eueni</span> <span class='ocrx_word' id='word_1_170' title='bbox 335 2611 445 2690; x_wconf 77' lang='lat' dir='ltr'>patriis</span> <span class='ocrx_word' id='word_1_171' title='bbox 455 2609 520 2668; x_wconf 85' lang='lat' dir='ltr'>lilia</span> <span class='ocrx_word' id='word_1_172' title='bbox 528 2609 685 2683; x_wconf 77' lang='lat' dir='ltr'>litoribus,</span> 
     </span>
     <span class='ocr_line' id='line_1_29' title="bbox 185 2689 923 2772; baseline 0 -20"><span class='ocrx_word' id='word_1_173' title='bbox 185 2692 250 2752; x_wconf 88' lang='lat' dir='ltr'>Nee</span> <span class='ocrx_word' id='word_1_174' title='bbox 260 2693 429 2772; x_wconf 82' lang='lat' dir='ltr'>Phrygium</span> <span class='ocrx_word' id='word_1_175' title='bbox 439 2689 519 2750; x_wconf 78' lang='lat' dir='ltr'>falao</span> <span class='ocrx_word' id='word_1_176' title='bbox 530 2691 624 2749; x_wconf 82' lang='lat' dir='ltr'>traxit</span> <span class='ocrx_word' id='word_1_177' title='bbox 632 2689 769 2750; x_wconf 81' lang='lat' dir='ltr'>candore</span> <span class='ocrx_word' id='word_1_178' title='bbox 781 2693 923 2752; x_wconf 88' lang='lat' dir='ltr'>maritum</span> 
     </span>
     <span class='ocr_line' id='line_1_30' title="bbox 131 2773 812 2852; baseline -0.004 -17"><span class='ocrx_word' id='word_1_179' title='bbox 131 2784 166 2835; x_wconf 76' lang='lat' dir='ltr'>io</span> <span class='ocrx_word' id='word_1_180' title='bbox 227 2777 343 2836; x_wconf 84' lang='lat' dir='ltr'>Avecta</span> <span class='ocrx_word' id='word_1_181' title='bbox 354 2776 491 2836; x_wconf 79' lang='lat' dir='ltr'>externis</span> <span class='ocrx_word' id='word_1_182' title='bbox 501 2773 707 2852; x_wconf 87' lang='lat' dir='ltr'>Hippodamia</span> <span class='ocrx_word' id='word_1_183' title='bbox 717 2776 812 2848; x_wconf 81' lang='lat' dir='ltr'>rotis3</span> 
     </span>
     <span class='ocr_line' id='line_1_31' title="bbox 187 2854 873 2936; baseline -0.001 -18"><span class='ocrx_word' id='word_1_184' title='bbox 187 2857 251 2918; x_wconf 90' lang='lat' dir='ltr'>Sed</span> <span class='ocrx_word' id='word_1_185' title='bbox 260 2859 358 2918; x_wconf 71' lang='lat' dir='ltr'>ficies</span> <span class='ocrx_word' id='word_1_186' title='bbox 370 2858 478 2917; x_wconf 87' lang='lat' dir='ltr'>aderat</span> <span class='ocrx_word' id='word_1_187' title='bbox 488 2854 583 2917; x_wconf 87' lang='lat' dir='ltr'>nullis</span> <span class='ocrx_word' id='word_1_188' title='bbox 595 2859 726 2918; x_wconf 83' lang='lat' dir='ltr'>obnoxia</span> <span class='ocrx_word' id='word_1_189' title='bbox 735 2859 873 2936; x_wconf 79' lang='lat' dir='ltr'>gemmis,</span> 
     </span>
     <span class='ocr_line' id='line_1_32' title="bbox 227 2939 818 3021; baseline 0.005 -22"><span class='ocrx_word' id='word_1_190' title='bbox 227 2939 334 3017; x_wconf 80' lang='lat' dir='ltr'>Qualia</span> <span class='ocrx_word' id='word_1_191' title='bbox 344 2939 485 3021; x_wconf 77' lang='lat' dir='ltr'>Apelleis</span> <span class='ocrx_word' id='word_1_192' title='bbox 498 2947 546 2999; x_wconf 82' lang='lat' dir='ltr'>eat</span> <span class='ocrx_word' id='word_1_193' title='bbox 558 2939 643 3001; x_wconf 87' lang='lat' dir='ltr'>color</span> <span class='ocrx_word' id='word_1_194' title='bbox 653 2942 686 3000; x_wconf 89' lang='lat' dir='ltr'>in</span> <span class='ocrx_word' id='word_1_195' title='bbox 696 2940 818 3002; x_wconf 80' lang='lat' dir='ltr'>tabulis.</span> 
     </span>
     <span class='ocr_line' id='line_1_33' title="bbox 184 3021 940 3105; baseline 0.001 -21"><span class='ocrx_word' id='word_1_196' title='bbox 184 3024 254 3084; x_wconf 89' lang='lat' dir='ltr'>Non</span> <span class='ocrx_word' id='word_1_197' title='bbox 267 3021 330 3083; x_wconf 84' lang='lat' dir='ltr'>illia</span> <span class='ocrx_word' id='word_1_198' title='bbox 343 3023 477 3083; x_wconf 85' lang='lat' dir='ltr'>studium</span> <span class='ocrx_word' id='word_1_199' title='bbox 487 3022 578 3103; x_wconf 80' lang='lat' dir='ltr'>vulgo</span> <span class='ocrx_word' id='word_1_200' title='bbox 591 3027 776 3105; x_wconf 85' lang='lat' dir='ltr'>conquirere</span> <span class='ocrx_word' id='word_1_201' title='bbox 788 3032 940 3085; x_wconf 81' lang='lat' dir='ltr'>amantea:</span> 
     </span>
     <span class='ocr_line' id='line_1_34' title="bbox 225 3105 764 3190; baseline 0.007 -24"><span class='ocrx_word' id='word_1_202' title='bbox 225 3105 293 3167; x_wconf 73' lang='lat' dir='ltr'>Illic</span> <span class='ocrx_word' id='word_1_203' title='bbox 302 3106 400 3186; x_wconf 76' lang='lat' dir='ltr'>ampla</span> <span class='ocrx_word' id='word_1_204' title='bbox 411 3109 484 3167; x_wconf 82' lang='lat' dir='ltr'>setis</span> <span class='ocrx_word' id='word_1_205' title='bbox 495 3109 595 3169; x_wconf 88' lang='lat' dir='ltr'>forma</span> <span class='ocrx_word' id='word_1_206' title='bbox 605 3110 764 3190; x_wconf 78' lang='lat' dir='ltr'>pudicitia.</span> 
     </span>
     <span class='ocr_line' id='line_1_35' title="bbox 130 3190 937 3271; baseline 0.004 -21"><span class='ocrx_word' id='word_1_207' title='bbox 130 3198 163 3250; x_wconf 80' lang='lat'>25</span> <span class='ocrx_word' id='word_1_208' title='bbox 185 3190 254 3250; x_wconf 90' lang='lat' dir='ltr'>Non</span> <span class='ocrx_word' id='word_1_209' title='bbox 267 3209 323 3267; x_wconf 84' lang='lat' dir='ltr'>ego</span> <span class='ocrx_word' id='word_1_210' title='bbox 335 3210 417 3250; x_wconf 89' lang='lat' dir='ltr'>nune</span> <span class='ocrx_word' id='word_1_211' title='bbox 427 3211 549 3271; x_wconf 87' lang='lat' dir='ltr'>vereor,</span> <span class='ocrx_word' id='word_1_212' title='bbox 561 3211 601 3252; x_wconf 89' lang='lat' dir='ltr'>ne</span> <span class='ocrx_word' id='word_1_213' title='bbox 614 3196 671 3253; x_wconf 80' lang='lat' dir='ltr'>aim</span> <span class='ocrx_word' id='word_1_214' title='bbox 682 3195 741 3253; x_wconf 91' lang='lat' dir='ltr'>tibi</span> <span class='ocrx_word' id='word_1_215' title='bbox 752 3192 842 3253; x_wconf 82' lang='lat' dir='ltr'>vilior</span> <span class='ocrx_word' id='word_1_216' title='bbox 852 3194 937 3253; x_wconf 78' lang='lat' dir='ltr'>istis:</span> 
     </span>
     <span class='ocr_line' id='line_1_36' title="bbox 224 3273 862 3358; baseline 0.005 -26"><span class='ocrx_word' id='word_1_217' title='bbox 224 3273 289 3333; x_wconf 87' lang='lat' dir='ltr'>Uni</span> <span class='ocrx_word' id='word_1_218' title='bbox 300 3275 327 3333; x_wconf 86' lang='lat' dir='ltr'>ai</span> <span class='ocrx_word' id='word_1_219' title='bbox 339 3295 397 3353; x_wconf 82' lang='lat' dir='ltr'>qua</span> <span class='ocrx_word' id='word_1_220' title='bbox 408 3274 521 3355; x_wconf 80' lang='lat' dir='ltr'>placet,</span> <span class='ocrx_word' id='word_1_221' title='bbox 535 3275 618 3336; x_wconf 89' lang='lat' dir='ltr'>culta</span> <span class='ocrx_word' id='word_1_222' title='bbox 628 3275 735 3358; x_wconf 87' lang='lat' dir='ltr'>puella</span> <span class='ocrx_word' id='word_1_223' title='bbox 745 3283 793 3338; x_wconf 84' lang='lat' dir='ltr'>sot</span> <span class='ocrx_word' id='word_1_224' title='bbox 804 3283 862 3354; x_wconf 81' lang='lat' dir='ltr'>est,</span> 
     </span>
     <span class='ocr_line' id='line_1_37' title="bbox 147 3355 998 3438; baseline 0.005 -23"><span class='ocrx_word' id='word_1_225' title='bbox 147 3420 153 3432; x_wconf 55' lang='lat'>‚</span> <span class='ocrx_word' id='word_1_226' title='bbox 184 3355 262 3416; x_wconf 79' lang='lat' dir='ltr'>eum</span> <span class='ocrx_word' id='word_1_227' title='bbox 274 3358 331 3418; x_wconf 88' lang='lat' dir='ltr'>tibi</span> <span class='ocrx_word' id='word_1_228' title='bbox 342 3363 526 3438; x_wconf 78' lang='lat' dir='ltr'>praesertim</span> <span class='ocrx_word' id='word_1_229' title='bbox 536 3361 681 3421; x_wconf 82' lang='lat' dir='ltr'>Phoebus</span> <span class='ocrx_word' id='word_1_230' title='bbox 692 3381 746 3421; x_wconf 85' lang='lat' dir='ltr'>sua</span> <span class='ocrx_word' id='word_1_231' title='bbox 758 3362 891 3427; x_wconf 82' lang='lat' dir='ltr'>carmine</span> <span class='ocrx_word' id='word_1_232' title='bbox 902 3357 998 3419; x_wconf 90' lang='lat' dir='ltr'>donet</span> 
     </span>
     <span class='ocr_line' id='line_1_38' title="bbox 223 3440 818 3525; baseline 0.007 -25"><span class='ocrx_word' id='word_1_233' title='bbox 223 3440 413 3522; x_wconf 84' lang='lat' dir='ltr'>Aoniamque</span> <span class='ocrx_word' id='word_1_234' title='bbox 425 3442 528 3505; x_wconf 82' lang='lat' dir='ltr'>libens</span> <span class='ocrx_word' id='word_1_235' title='bbox 541 3443 700 3525; x_wconf 80' lang='lat' dir='ltr'>Calliopea</span> <span class='ocrx_word' id='word_1_236' title='bbox 708 3442 818 3522; x_wconf 80' lang='lat' dir='ltr'>lyram,</span> 
     </span>
    </p>
   </div>
   <div class='ocr_carea' id='block_1_3' title="bbox 0 0 1114 3846">
    <p class='ocr_par' dir='ltr' id='par_1_3' title="bbox 0 0 1114 3846">
     <span class='ocr_line' id='line_1_39' title="bbox 0 0 1114 3846; baseline 0 1"><span class='ocrx_word' id='word_1_237' title='bbox 0 0 1114 3846; x_wconf 95' lang='lat' dir='ltr'> </span> 
     </span>
    </p>
   </div>
  </div>
 </body>
</html>
