2220 3846
91 526 112 559 ἢ

444 196 807 259 PROPERTII

270 368 312 430 nt
322 367 403 428 bene
416 362 586 425 concordes
598 365 702 424 tristia
714 362 753 422 ad
762 375 958 449 arrnarocat.

229 452 352 532 Hospes
363 451 396 510 in
409 449 573 528 hospitium
584 444 732 509 Menelao
744 449 830 508 uenit
841 447 983 512 adulter:

272 532 398 595 Colchi·
410 538 443 593 et
456 535 595 611 ignotum
606 550 709 592 nonne
721 538 827 591 secuta
837 535 939 594 virum
950 538 1023 598 esti
1057 560 1060 567 ·

228 619 365 698 Lyncea,
376 624 451 678 tune
462 634 560 676 meam
570 616 700 695 potuisti
710 621 840 694 tangere
851 621 984 679 curam?

176 713 211 764 lo
270 699 981 778 Perfide‚nonnetuaetumcecideremanus?

230 784 311 864 Quid
325 786 351 845 si
362 805 425 845 non
436 790 579 844 constans
592 781 649 842 illa
662 789 695 843 et
704 789 767 843 tam
778 790 865 844 certa
875 784 1013 849 inisset?

268 870 381 927 Posses
393 869 523 926 intanto
533 867 637 927 vivere
648 867 788 944 flagitio?

230 952 280 1012 Τιι
290 952 366 1011 mihi
376 948 426 1010 vel
435 950 521 1010 ferro
532 956 641 1030 pectus
653 947 704 1014 vel
714 949 814 1030 perde
825 969 963 1013 veneno:

268 1037 297 1094 A
309 1033 431 1094 domina
440 1039 560 1093 tantum
570 1040 603 1093 tc
613 1032 704 1093 modo
716 1031 794 1093 tolle
805 1053 883 1096 mea.

175 1131 208 1182 15
230 1119 278 1179 Te
290 1118 407 1179 socium
417 1119 508 1194 vitae,
520 1123 552 1177 te
564 1119 704 1197 corporis
716 1135 786 1177 esse
796 1117 915 1197 licebit,

270 1202 318 1262 Te
330 1200 485 1261 dominum
496 1199 624 1260 admitto
635 1203 740 1279 rebus,
752 1202 860 1278 amice,
871 1203 966 1263 meis:

123 1290 125 1294 ”
227 1287 324 1347 Lecto
336 1292 368 1345 te
379 1283 489 1363 solum,
499 1283 583 1344 lecto
596 1290 628 1343 te
640 1283 795 1365 deprecor
804 1304 883 1344 uno:

266 1366 406 1430 Ricalem
417 1387 541 1449 possum
551 1387 614 1427 non
625 1386 682 1446 ego
694 1368 781 1428 ferre
791 1368 902 1432 lovem.

227 1454 296 1535 lpse
307 1471 391 1512 meas
403 1450 496 1529 solus,
510 1450 592 1530 quod
603 1451 647 1512 nil
660 1458 718 1530 est,
732 1450 871 1513 aemulor
882 1456 1016 1532 umbras,
1075 1510 1077 1515 .

172 1548 208 1599 20
272 1534 402 1614 Stultus,
415 1535 495 1614 quod
507 1535 602 1596 stulto
614 1554 707 1616 saepe
718 1537 831 1596 timore
842 1541 954 1600 tremo.

226 1621 295 1682 Una
307 1627 409 1681 tamen
420 1639 510 1680 causa
521 1626 580 1697 est,
593 1640 652 1699 qua
661 1621 790 1681 crimina
801 1626 888 1681 tanta
897 1623 1032 1700 remitto,

266 1705 421 1765 Errabant
434 1703 529 1763 multo
542 1703 625 1782 quod
635 1710 688 1763 tua
698 1706 793 1764 verba
803 1724 900 1767 mero.

227 1787 291 1848 Sed
302 1807 465 1867 numquam
475 1789 556 1847 vitae
567 1786 659 1848 fallet
669 1807 719 1848 me
730 1807 807 1867 ruga
817 1806 962 1849 severae:

266 1872 381 1943 Omnes
395 1873 456 1931 iarn
465 1876 590 1949 norunt,
605 1873 746 1950 quamsit
757 1890 859 1933 amare
870 1875 994 1935 bonum.

171 1964 204 2017 25
225 1956 368 2036 Lynceus
378 1957 447 2037 ipse
458 1974 545 2015 meus
555 1974 643 2015 seros
653 1957 768 2016 insanit
775 1974 910 2018 amores.

265 2037 372 2099 Solum
382 2047 414 2099 te
425 2046 549 2099 nostros
559 2037 660 2098 laetor
672 2038 759 2099 adire
771 2039 864 2100 deos.

225 2121 308 2200 Quid
318 2129 370 2182 tua
382 2122 549 2181 Socraticis
559 2123 618 2184 tibi
628 2142 710 2183 nunc
721 2125 872 2203 sapientia
882 2123 974 2185 libris

263 2203 411 2264 Proderit
422 2211 474 2264 aut
485 2221 589 2265 rerum
600 2204 706 2266 dicere
716 2207 906 2288 posserius?

222 2290 286 2349 Aut
298 2287 372 2368 quid
381 2289 553 2350 Erechthei
562 2290 621 2350 tibi
632 2297 764 2370 prosunt
774 2291 909 2351 carmina
917 2276 1025 2353 lecte?

169 2381 204 2435 30
264 2371 317 2432 Nal
328 2374 430 2433 ruvat
420 2393 453 2433 m
462 2392 571 2452 magno
582 2380 687 2435 vester
699 2392 803 2435 amore
814 2392 920 2436 senex

223 2456 273 2517 'l'n
282 2456 378 2518 Latns
389 2459 553 2538 Meropem
563 2458 663 2519 Musas
673 2459 797 2518 amitere
808 2456 965 2519 Philetam

262 2541 304 2600 nt
315 2559 378 2601 non
387 2543 486 2601 inflati
498 2543 615 2601 somnia
627 2539 818 2604 Callimachi.

221 2622 298 2683 Nam
310 2644 416 2684 cursu
425 2624 502 2684 licet
512 2622 618 2685 Aetoli
629 2626 750 2685 referas
759 2622 904 2703 Acheloi,
928 2667 932 2673 -

261 2706 409 2774 Fluxerit
417 2715 451 2768 nt
461 2728 569 2788 magno
581 2709 698 2770 fractus
712 2726 815 2770 amore
825 2707 942 2788 liquor,

167 2797 201 2851 35
222 2792 325 2871 Atque
339 2794 433 2854 etiarn
442 2800 477 2853 ut
486 2795 622 2872 Phrygio
634 2791 730 2854 fallax
740 2793 924 2854 Maeandria
934 2812 1044 2874 campo

252 2875 355 2936 ‘Errat
367 2878 478 2955 etipsa
490 2896 560 2935 suas
572 2875 689 2956 decipit
699 2876 781 2937 unda
790 2879 866 2955 viae,

220 2956 324 3035 Qualis
337 2965 370 3017 et
381 2958 507 3018 Adrasti
517 2959 614 3018 suerit
624 2959 739 3021 vocalis
750 2962 860 3038 Arion,

261 3042 378 3101 Tristis
389 3038 427 3099 od
438 3041 623 3101 Archemori
633 3041 745 3105 funera
754 3046 854 3104 vietor
866 3061 982 3121 equus:

217 3124 288 3184 Non
298 3142 407 3200 magna
416 3124 641 3204 Amphiaraeae
652 3129 711 3188 tibi
722 3128 787 3188 fata
800 3126 971 3207 quadrigae

162 3215 200 3269 40
261 3207 880 3290 ProsintautGapaneigrataruinalovi.

218 3289 335 3350 Desine
346 3296 379 3350 et
388 3291 565 3373 Aeschyleo
580 3315 767 3375 componere
777 3297 874 3355 verba
886 3295 1056 3372 cothurno,

258 3374 374 3434 Desine
386 3381 419 3436 et
430 3376 470 3439 od
479 3376 591 3439 molles
602 3382 740 3441 membra
750 3377 873 3440 resolve
885 3380 1012 3442 choros.

215 3458 343 3540 Incipe
333 3478 394 3520 ram
404 3469 531 3542 angusto
543 3482 650 3525 versus
663 3463 825 3526 includere
837 3470 943 3542 torno,
