2220 3846
332 211 697 294 archanas
951 217 995 282 oa
1044 294 1063 313 ..

123 378 178 444 llla
189 379 256 440 dies
266 380 375 440 hornis
386 379 512 440 caedem
523 369 685 441 denuntiat
694 383 790 461 agnis,

164 463 384 542 Succinctique
395 463 498 524 calent
508 462 547 524 ad
557 484 635 524 nova
644 463 731 525 lucra
741 485 850 546 popae.

121 547 180 627 Ne,
190 566 314 628 precor,
326 549 461 608 ascensis
472 549 552 608 tanti
563 549 604 607 sit
615 546 714 627 gloria
723 549 854 629 Bactris,

164 631 299 712 Raptave
312 630 441 691 odorato
454 634 579 691 carbasa
590 630 653 690 lina
665 630 746 709 duci,

74 725 105 780 55
125 714 275 776 Plumbea
287 734 356 775 cum
369 719 470 775 tortae
482 720 667 793 sparguntur
677 713 817 794 pondera
827 715 951 796 fundae,

164 796 318 859 Subdolas
330 803 363 857 et
372 798 470 856 versis
480 798 623 877 increpat
632 817 721 858 arcus
733 801 830 878 equis.

123 881 197 960 Sed,
208 888 262 942 tua
272 883 317 940 sic
329 879 453 941 domitis
462 881 597 941 Parthae
608 881 730 942 telluris
742 884 870 943 alumnis

163 966 246 1025 Pura
255 964 473 1045 triumphantis
484 965 572 1025 hasta
583 972 730 1044 sequatur
741 985 848 1046 equos,

120 1047 767 1129 Incorruptamciconservafoederalecti.

74 1141 104 1196 lo
163 1133 230 1193 Hac
244 1151 302 1211 ego
313 1138 347 1193 te
358 1131 424 1192 sola
433 1130 506 1211 lege
516 1131 638 1192 redisse
648 1130 753 1209 velim,

122 1216 280 1296 Armaque
290 1236 358 1276 cum
368 1215 471 1276 tulero
482 1221 592 1294 portae
602 1217 703 1275 votiva
714 1216 868 1295 Capenae,

163 1301 361 1361 Subscribam
372 1298 468 1359 ‘salvo
482 1305 568 1378 grata
576 1296 681 1380 puella
691 1301 781 1361 viro!

75 1432 104 1523 4
121 1430 291 1547 Tarpeium
302 1486 410 1528 nemus
424 1472 456 1527 et
468 1467 622 1548 Tarpeiae
633 1472 725 1546 turpe
737 1465 914 1548 sepulcrum

162 1551 265 1610 Fabor
277 1558 311 1609 et
322 1553 439 1628 antiqui
449 1551 556 1610 limina
568 1557 657 1629 capta
667 1551 755 1610 lovis.

121 1633 225 1691 Lucus
237 1636 304 1689 erat
313 1632 389 1690 felix
399 1631 554 1691 hederoso
567 1630 710 1691 conditus
722 1637 822 1708 antro,

163 1710 325 1792 Multaque
336 1714 447 1772 nativis
458 1714 613 1793 obstrepit
624 1715 717 1773 arbor
728 1716 826 1792 aquis,

83 1805 102 1858 5
124 1795 242 1857 Silvani
253 1814 373 1857 ramosa
384 1796 502 1875 domus,
515 1816 575 1875 qno
587 1796 686 1857 dulcis
698 1799 735 1857 ab
747 1804 835 1858 aestu

164 1879 286 1941 Fistula
294 1887 422 1960 poturas
432 1881 481 1940 ire
491 1881 619 1941 iubebat
630 1899 712 1942 ores.

121 1966 213 2025 Hunc
224 1965 334 2025 Tatius
344 1965 463 2026 fontem
472 1964 552 2026 vallo
564 1966 739 2047 praecingit
749 1983 873 2045 acerno,

161 2048 301 2128 Fidaque
314 2054 458 2127 suggesta
469 2055 570 2110 castra
581 2055 709 2110 coronat
718 2050 821 2112 humo.

122 2132 204 2208 Quid
213 2139 278 2192 tum
289 2133 385 2193 Roma
395 2133 465 2212 fuit,
477 2135 603 2195 tubicen
614 2135 714 2195 vicina
725 2135 851 2196 Curetis

74 2226 103 2278 10
164 2216 240 2275 (lum
253 2223 396 2294 quateret
404 2214 493 2276 lento
504 2236 660 2278 murmure
671 2238 742 2279 saxa
752 2219 841 2296 lovis,

121 2300 226 2376 Atque
237 2301 290 2357 ubi
299 2317 382 2356 nuuc
392 2300 489 2356 terris
499 2298 643 2358 dicuntur
653 2302 721 2358 iura
731 2302 876 2378 subactis,

163 2381 293 2441 Stabant
302 2381 439 2440 Romano
450 2378 515 2459 pila
525 2381 638 2439 Sabina
647 2381 743 2440 foro?

121 2465 232 2526 Murus
244 2469 333 2525 erant
342 2468 479 2524 montes:
499 2465 552 2523 ubi
563 2482 644 2522 nunc
656 2468 705 2523 est
717 2462 811 2522 Curia
822 2469 920 2543 septa,

160 2548 299 2609 Bellicus
310 2566 348 2608 ex
357 2546 414 2608 illo
426 2548 513 2607 fonte
523 2548 650 2608 bibebat
660 2565 767 2626 equus.

74 2639 100 2694 15
123 2633 205 2693 Hinc
217 2633 353 2712 Tarpeia
363 2633 441 2691 deae
451 2632 570 2691 fontem
580 2631 702 2692 libavit:
725 2627 814 2691 atilli

161 2716 302 2794 Urgebat
312 2714 446 2775 medium
455 2713 563 2774 fictilis
573 2734 651 2775 urna
662 2720 761 2794 caput.

120 2800 163 2861 nt
172 2801 246 2859 satis
257 2817 317 2859 una
328 2797 424 2858 malae
434 2800 536 2877 potuit
546 2817 628 2858 mor
639 2816 709 2858 esse
719 2795 852 2878 puellae,

163 2885 247 2958 Quae
257 2881 356 2943 voluit
365 2881 633 2960 flammasfallere,
644 2882 750 2960 Vesta,
762 2881 852 2942 tuas?

120 2966 209 3029 Vidit
220 2968 380 3027 harenosis
392 2967 516 3026 Tatium
526 2964 696 3046 proludere
707 2967 822 3046 campis

74 3059 103 3111 lo
163 3050 312 3129 Pictaque
322 3069 380 3131 per
390 3052 482 3111 flavas
495 3070 578 3110 arma
587 3050 692 3111 levare
702 3051 808 3109 iubas:

123 3134 290 3214 Obstupuit
299 3135 384 3212 regis
393 3134 475 3194 facie
486 3140 519 3194 et
529 3132 686 3212 regalibus
698 3135 801 3211 armis,

163 3217 310 3296 Interque
322 3215 433 3277 oblitas
443 3217 559 3278 excidit
569 3236 647 3277 urna
657 3235 771 3279 manus.

122 3299 222 3381 Saepe
232 3300 286 3360 illa
297 3301 460 3361 inmeritae
472 3307 593 3362 causata
604 3307 653 3361 est
665 3301 766 3361 omina
775 3299 877 3375 lunae,

160 3385 203 3445 Et
214 3385 273 3445 sibi
282 3383 446 3463 tingendas
457 3382 535 3445 dixit
545 3387 577 3444 in
590 3404 678 3445 amne
690 3403 807 3445 comas:

74 3474 102 3529 25
123 3466 223 3550 Saepe
234 3465 307 3530 tulit
316 3467 436 3529 blandis
448 3475 595 3548 argentea
604 3467 671 3530 lilia
679 3466 840 3547 Nymphis,
