2220 3846
115 236 189 300 ι36
445 223 806 290 PROPERTII

233 401 302 462 Non
312 400 431 460 ferrum
442 393 571 456 crudele
581 411 683 473 neque
695 396 780 452 esset
790 389 907 451 bellica
917 395 1016 473 navis,

275 484 340 544 Nec
351 488 458 543 nostra
470 481 627 542 Actiacum
638 480 778 537 verteret
790 495 859 534 ossa
869 496 966 554 mare,

178 578 213 631 45
234 568 299 629 Neo
309 568 425 627 totiens
435 565 572 644 propriis
584 564 698 621 circum
710 565 885 638 oppugnata
896 563 1063 643 triumphis

273 652 369 711 Lassa
381 651 465 709 foret
477 649 579 707 crines
590 646 712 706 solvere
722 643 820 702 Roma
832 663 913 706 suos.

233 736 319 797 Haeo
332 739 419 793 uerte
430 732 541 792 merito
552 735 701 809 poterunt
711 726 838 787 laudare
849 730 1005 789 minores:
1104 734 1108 739 “

272 819 446 878 Laeserunt
461 814 562 875 nullos
573 812 686 892 pocula
695 818 802 872 nostra
813 809 898 871 deos.

218 893 221 900 ¹
235 903 285 963 Tu
296 900 397 978 modo,
409 899 481 959 dum
490 898 586 975 lucet,
597 898 732 956 fructum
741 914 781 954 ne
794 894 906 954 desere
918 898 1017 957 vitae:

182 994 230 1050 50,
280 986 390 1045 Omnia
401 985 427 1043 si
438 982 564 1042 dederis
576 978 688 1058 oscula,
699 998 796 1059 pauca
806 977 902 1040 dabis.

235 1071 281 1129 Ac
294 1066 390 1127 veluti
404 1067 479 1128 folia
490 1071 614 1125 arentes
625 1063 749 1142 liquere
761 1061 905 1139 corollas,

276 1153 361 1228 Quae
371 1152 485 1230 passim
496 1149 623 1209 calathis
636 1154 731 1207 strata
741 1152 848 1206 natare
859 1145 958 1224 vides,

237 1237 288 1296 Sic
299 1237 398 1313 nobis,
410 1237 463 1313 qui
473 1253 554 1293 nuno
565 1250 704 1310 magnum
718 1233 867 1310 spiramus
878 1236 1027 1310 amantes,

276 1320 422 1378 Forsitan
433 1316 573 1378 includet
584 1318 718 1376 crastina
727 1317 792 1375 fata
801 1314 877 1376 dies.

195 1450 222 1544 8
237 1451 372 1544 Praetor
385 1486 421 1544 ab
430 1482 765 1562 lllyricisvenitmodo,
778 1483 921 1561 Cynthia,
932 1484 1040 1560 terris,
1056 1445 1102 1539 16

279 1569 412 1629 Maxima
421 1566 539 1648 praeda
549 1569 617 1646 tihi,
631 1569 759 1626 maxima
771 1586 843 1625 oura
853 1566 938 1627 mihi.

236 1652 305 1713 Non
316 1654 419 1731 potuit
430 1671 501 1711 saxo
513 1653 607 1715 vitam
617 1652 758 1730 posuisse
768 1650 934 1710 Cerauno?

278 1737 328 1795 Ah
339 1737 493 1814 Neptune,
504 1737 563 1795 tibi
576 1734 678 1813 qualia
689 1731 769 1793 olona
781 1733 902 1793 darem!

173 1818 179 1831 ’
199 1828 215 1880 5
236 1821 324 1880 Nunc
336 1823 402 1879 sine
413 1837 462 1879 me
472 1816 565 1898 plena
573 1820 653 1877 fiunt
664 1820 800 1877 convivia
811 1837 926 1894 mensa,

277 1903 365 1963 Nunc
377 1905 444 1963 sine
456 1920 505 1962 me
516 1908 583 1962 tota
592 1904 682 1961 ianua
690 1906 782 1962 noete
794 1908 890 1982 patet.

237 1988 350 2064 Quare,
363 1989 389 2047 si
401 1989 492 2065 sapis,
504 1985 621 2046 oblatas
632 1984 796 2055 nedesere
805 2004 923 2045 messes

279 2071 320 2129 nt
331 2068 476 2129 stolidum
487 2067 582 2149 pleno
593 2069 709 2129 vellere
722 2088 814 2150 carpe
825 2087 937 2150 pecus:

239 2151 370 2230 Deinde,
383 2155 437 2212 ubi
448 2159 627 2232 consumpto
638 2155 770 2214 restabit
779 2171 908 2213 munere
918 2169 1043 2232 pauper,

186 2247 220 2298 lo
281 2236 337 2295 Dio
350 2235 424 2296 alias
436 2237 550 2307 iterum
559 2240 682 2316 naviget
693 2237 820 2317 illyrius.

239 2321 374 2399 Cynthia
383 2340 446 2380 non
458 2323 599 2400 sequitur
609 2322 710 2381 fasces
720 2339 779 2380 neo
792 2326 879 2380 curat
889 2319 1035 2396 honores,

280 2404 410 2483 Semper
421 2412 589 2465 amatorum
598 2404 754 2484 ponderat
763 2403 818 2466 illa
832 2406 926 2463 sinus.

238 2490 280 2548 At
291 2493 326 2547 tu
336 2508 416 2547 nuno
427 2496 547 2566 nostro,
558 2491 675 2567 Venus,
687 2509 704 2548 o
717 2507 863 2549 succurre
876 2484 987 2564 dolori,

279 2571 411 2651 Rumpat
422 2577 457 2630 ut
467 2571 597 2632 assiduis
609 2575 746 2632 membra
756 2571 946 2633 libidinibus.

185 2663 218 2716 15
239 2655 323 2732 Ergo
335 2656 513 2715 muneribus
526 2658 624 2735 quiris
634 2662 790 2716 mereatur
801 2653 959 2715 amorem?

278 2740 428 2819 luppiter,
439 2739 565 2818 indigna
576 2760 680 2800 meroe
691 2739 797 2821 puella
806 2741 899 2820 perit.

240 2821 370 2901 Semper
381 2825 413 2882 in
423 2824 579 2885 Oceanum
589 2827 686 2885 mittit
696 2843 746 2883 me
757 2839 909 2903 quaerere
920 2834 1049 2898 gemmas

278 2905 320 2964 Et
333 2907 468 2968 iubetex
478 2911 546 2987 ipsa
554 2909 668 2969 tollere
676 2908 762 2986 ‚dona
772 2908 867 2986 Tyro.

239 2990 342 3068 Atque
353 2992 470 3050 utinam
480 2992 595 3051 Romae
608 3012 699 3052 nemo
712 2997 796 3052 esset
808 2990 893 3050 (lives
904 2988 1016 3067 etipse

186 3082 221 3134 20
283 3073 457 3133 Straminea
466 3081 573 3153 posset
583 3074 644 3135 dux
654 3077 796 3136 habitare
807 3073 891 3135 oasa!

239 3156 409 3236 Numquam
419 3153 543 3216 venales
554 3166 659 3219 essent
670 3159 709 3219 ad
721 3177 830 3220 munus
843 3159 969 3233 amicae,

280 3240 384 3316 Atque
396 3259 456 3298 una
464 3242 557 3301 fieret
568 3262 642 3302 cana
651 3244 756 3323 puella
767 3243 874 3316 domo;

239 3321 308 3380 Non
320 3324 391 3400 quia
402 3329 545 3403 septenas
556 3337 664 3387 noctes
676 3330 816 3388 seiuncta
827 3323 961 3400 cubaria,

282 3404 419 3466 Candida
430 3415 490 3468 tam
500 3410 594 3470 foedo
606 3414 732 3472 brachia
743 3412 812 3470 fusa
822 3411 901 3485 viro,

184 3495 218 3550 25
240 3487 309 3550 Non
320 3492 391 3570 quia
400 3496 552 3576 peccaris,
562 3501 663 3557 testor
673 3502 717 3575 te,
730 3493 787 3555 sed
800 3495 871 3574 quia
881 3489 977 3571 vulgo
