2220 3846
204 219 208 223 -
299 189 704 273 monnicae.

68 409 93 503 7
109 409 195 504 lium
205 445 264 504 tibi
276 442 429 504 Cadmeae
439 441 595 521 dicuntur,
606 442 747 521 Pontice,
760 443 889 504 Thebae

24 530 29 553 ⁵
151 528 306 606 Armaque
316 528 475 587 fraternae
485 527 589 586 tristia
600 525 741 604 militiae,

111 613 226 690 Atque,
237 613 280 671 ita
290 612 348 670 sim
359 608 446 686 felix,
453 610 558 687 primo
570 609 734 670 contendis
743 610 891 690 Homero,

153 696 222 755 Sint
234 693 325 755 modo
336 695 401 753 fata
411 693 474 752 tuis
484 690 588 752 mollia
600 694 794 766 carminibus,
885 712 889 717 ·

73 786 91 838 5
112 779 187 857 Nos,
198 785 233 838 ut
244 795 437 853 consuemus,
449 781 571 835 nostros
585 777 732 854 agitamus
744 778 864 839 amores

24 926 29 941 2
152 863 257 939 Atque
268 859 387 938 aliquid
398 859 504 919 duram
517 862 690 939 quaerimus
701 862 735 920 in
746 860 917 935 dominam3

110 945 177 1006 Nec
187 951 306 1005 tantum
316 945 451 1022 ingenio,
464 950 609 1023 quantum
620 946 738 1005 ervire
745 944 853 1006 dolori

153 1029 255 1107 (logor
267 1036 299 1089 et
310 1029 420 1088 aetatis
430 1034 572 1107 tempora
582 1028 660 1088 dura
670 1031 769 1107 queri

111 1113 171 1172 Hic
181 1114 256 1172 mibi
264 1114 436 1172 conteritur
446 1113 528 1172 vitae
538 1111 658 1190 modus,
668 1113 746 1171 haec
759 1129 827 1172 mea
837 1111 917 1170 fama
925 1115 983 1188 est,

58 1205 94 1258 10
153 1197 235 1255 Hinc
247 1196 337 1275 cupio
348 1213 460 1255 nomen
473 1196 616 1255 carminis
627 1197 675 1255 ire
686 1196 756 1256 mei

111 1279 166 1340 Me
177 1276 307 1339 laudent
319 1278 430 1338 doctae
441 1277 539 1339 solum
549 1277 702 1358 placuisse
713 1266 846 1359 puellae,

152 1364 293 1441 Pontice,
305 1368 339 1422 et
348 1364 500 1423 iniustas
491 1381 584 1442 saepe
594 1361 705 1424 tulisse
717 1365 830 1423 minas:

111 1446 167 1507 Me
178 1446 264 1525 legat
274 1445 397 1507 assidue
408 1452 480 1527 post
492 1448 570 1507 baec
581 1445 743 1526 neglectus
756 1453 883 1529 amator,

150 1531 193 1592 Et
205 1533 328 1610 prosint
337 1529 386 1590 illi
398 1532 521 1608 cognita
529 1538 638 1591 nostra
648 1530 734 1591 mala.

57 1621 93 1674 15
115 1614 164 1673 Te
177 1632 299 1691 quoque
311 1616 339 1672 si
350 1620 436 1672 certo
447 1631 527 1691 puer
539 1615 592 1672 bic
604 1613 797 1671 concusserit
806 1631 890 1687 arcu,

156 1695 246 1771 Quod
258 1695 355 1755 nolim
365 1700 489 1753 nostros
501 1693 651 1754 eviolasse
662 1693 748 1772 deos,
895 1711 898 1714 ’

112 1779 220 1856 Longe
232 1785 333 1838 castra
344 1778 412 1855 tibi,
423 1775 516 1854 longe
527 1778 622 1837 miser
634 1779 752 1856 agmina
763 1783 884 1858 septem

153 1860 263 1923 Flebis
274 1863 307 1921 in
319 1869 447 1921 aeterno
462 1859 554 1920 surda
565 1862 668 1921 iacere
680 1863 751 1940 situ,
846 1889 852 1895 ·

110 1946 153 2009 Et
162 1947 280 2016 frustra
291 1948 398 2026 cupies
408 1942 534 2004 mollem
546 1963 876 2025 componereversum,
961 1942 977 1997 ζ

53 2040 92 2094 20
151 2030 217 2090 Nec
227 2032 285 2090 tibi
296 2031 429 2091 subiciet
440 2031 574 2089 carmina
584 2049 674 2090 sorus
684 2032 790 2090 Amor

114 2113 195 2173 Tum
205 2134 254 2174 me
265 2134 328 2174 non
339 2113 487 2174 humilem
498 2115 652 2175 mirabere
664 2132 757 2194 saepe
769 2119 903 2191 poetam,

155 2197 244 2258 Tunc
256 2216 314 2276 ego
324 2198 469 2259 Romanu
480 2199 643 2278 praeferar
654 2198 798 2276 mgenris,
1035 2258 1040 2272 Ι

113 2279 179 2341 Nec
189 2283 358 2361 poterunt
348 2300 475 2340 iuvenes
486 2286 593 2340 nostro
605 2284 742 2341 reticere
753 2277 898 2359 sepulcro
1010 2355 1011 2359 Ἰ

157 2362 301 2424 Ardorrs
311 2365 412 2422 nostri
422 2381 531 2440 magne
541 2365 751 2441 poeto1aces

55 2457 92 2511 25
114 2448 166 2509 Τιι
177 2466 249 2508 cave
260 2453 431 2507 nostratuo
444 2452 622 2505 contemnas
633 2445 875 2505 carminafastu.

156 2532 256 2612 Saepe
267 2533 353 2592 verrit
362 2549 470 2608 magno
482 2531 593 2591 fenore
604 2527 711 2590 tardus
722 2529 827 2590 Amor.

71 2662 99 2756 8
116 2663 209 2759 Tune
218 2700 315 2777 igitur
326 2697 465 2776 demens,
476 2718 535 2758 nec
545 2706 578 2758 te
589 2717 658 2758 mea
669 2717 743 2756 cura
753 2695 912 2755 moraturi

155 2784 206 2843 Αιι
216 2783 274 2841 tibi
285 2801 352 2842 sum
364 2780 469 2860 gelida
479 2780 572 2843 vilior
583 2780 697 2860 illyria,

114 2867 157 2928 Et
171 2867 228 2927 tibi
240 2866 300 2926 iam
310 2867 399 2944 tanti,
412 2868 596 2946 quicumque
609 2871 667 2943 cst,
678 2866 739 2924 iste
750 2862 883 2940 ridetur,

156 2951 200 3010 Ut
212 2951 279 3010 sine
290 2970 339 3010 me
350 2957 442 3010 vento
455 2948 597 3030 quolibet
607 2952 654 3009 ire
665 2946 768 3008 volis?

77 3042 95 3094 5
118 3033 208 3093 Tunc
220 3033 327 3095 audire
338 3040 429 3114 potes
440 3037 545 3095 vesani
555 3053 710 3094 murmura
720 3033 810 3111 ponti

156 3117 261 3177 Fortis
273 3120 326 3177 et
316 3137 349 3177 ιιι
361 3117 439 3178 dura
448 3137 525 3179 nave
535 3119 639 3178 iacere
649 3115 763 3197 potes?

117 3201 167 3261 Τιι
176 3199 308 3281 pedibus
319 3203 438 3261 teneris
448 3204 565 3282 positas
575 3199 688 3261 fulcire
699 3200 835 3280 pruinas,

158 3285 208 3345 Tu
218 3291 309 3365 poter
319 3281 471 3363 insolitos,
485 3286 628 3364 Cynthio,
640 3284 727 3344 ferre
737 3280 846 3342 nives?

116 3369 272 3430 Outinam
281 3370 432 3430 hibernae
444 3368 642 3449 duplicentur
653 3375 794 3446 tempora
804 3366 941 3433 brumae,

59 3461 93 3515 10
155 3453 197 3515 nt
208 3453 271 3514 sit
262 3471 347 3513 mers
345 3446 458 3512 tardis
470 3455 571 3513 navita
581 3453 740 3579 vergiliis,
