2220 3846
325 201 694 282 umuamaa

159 372 277 431 'lautus
288 371 322 429 in
332 374 442 448 erepto
454 369 552 429 saevit
563 386 667 427 amore
678 366 776 430 dolor.

118 456 161 515 At
170 460 334 534 postquam
345 471 415 513 scra
426 454 545 533 captiva
556 459 605 512 est
616 451 740 512 reddita
750 472 860 534 poena,

157 539 287 599 Fortem
297 536 387 598 illum
397 537 577 597 Haemoniis
588 536 727 598 Hectora
738 539 834 598 traxit
846 541 945 618 equis.

118 623 252 683 Inferior
262 622 359 683 multa
372 640 442 682 cum
453 622 510 680 sim
520 619 571 679 vel
581 626 680 680 matre
691 618 743 680 vel
754 623 856 700 armis,

158 706 285 785 Mirum,
297 708 324 766 si
335 705 375 766 de
386 723 436 764 me
447 705 516 763 iure
526 705 697 782 triumphat
709 705 827 765 Amor?

74 835 101 930 9
117 839 183 933 iste
196 870 280 951 quod
292 877 350 949 est,
363 889 421 950 ego
432 888 524 950 saepe
534 871 591 948 fui,
605 871 662 932 sed
671 872 737 932 fors
748 877 782 932 et
792 873 825 932 in
835 873 912 932 hora

157 957 228 1016 Hoc
241 957 308 1037 ipso
322 957 422 1015 eiecto
434 957 535 1014 carior
545 953 627 1015 alter
638 957 708 1017 erit.

117 1040 277 1120 Penelope
288 1046 413 1120 poterat
422 1040 470 1099 bis
483 1038 579 1100 denos
590 1039 673 1100 salva
684 1060 742 1122 per
753 1059 848 1099 annos

158 1125 284 1203 Vivere,
295 1129 358 1184 tam
368 1122 473 1183 multis
484 1123 599 1183 femina
609 1123 700 1202 digna
710 1124 825 1203 prucis,
871 1193 875 1205 ι

79 1217 96 1268 5
120 1210 301 1287 Coniugium
312 1206 390 1267 falsa
399 1212 525 1286 poterat
536 1206 667 1267 differre
678 1209 830 1284 Minerva,

157 1292 316 1352 Nocturna
332 1290 456 1352 solvens
466 1296 552 1351 terta
563 1290 673 1351 diurna
684 1291 766 1369 dolo,

117 1377 229 1439 Visura
240 1383 273 1437 et
284 1377 419 1457 quamvis
429 1395 593 1455 numquam
603 1374 746 1458 speraret
757 1374 890 1456 Ulixem,

155 1460 248 1522 illum
259 1460 450 1544 expectando
462 1462 544 1521 facta
553 1464 702 1522 remansit
712 1480 797 1520 anus.

116 1544 182 1605 Nec
193 1566 256 1606 nou
267 1545 436 1606 exanimem
449 1545 639 1624 amplectens
649 1545 768 1604 Briseis
779 1541 934 1603 Achillem

74 1640 97 1690 ‚0
162 1626 300 1688 Candida
312 1647 423 1687 vesana
433 1629 580 1686 verberat
590 1646 645 1686 cra
655 1646 755 1703 manu,

114 1713 159 1772 Et
172 1709 327 1770 dominum
337 1709 414 1769 lavit
424 1727 565 1768 maerens
577 1710 695 1788 captiva
708 1714 879 1787 cruentum,

158 1792 343 1874 Adpositum
353 1793 756 1870 flavisinSimoeutavadis,

117 1877 331 1957 Foedavitque
344 1896 455 1956 comas,
470 1884 503 1937 et
516 1879 595 1937 tanti
607 1898 718 1958 corpus
729 1876 846 1938 Achilli

157 1963 352 2042 Maximeque
362 1963 396 2021 in
406 1982 500 2041 parra
512 1961 637 2023 sustulit
649 1983 718 2024 casa
728 1981 829 2039 manu,

74 2056 96 2108 l5
121 2048 197 2107 Cum
207 2047 266 2107 tibi
275 2065 333 2106 uec
343 2045 457 2107 Peleus
471 2046 579 2107 aderat
589 2066 648 2108 nec
659 2045 782 2108 caerula
793 2051 902 2124 mater,

160 2131 268 2210 Scyria
278 2149 337 2190 nec
347 2129 438 2190 viduo
450 2131 610 2192 Deidamia
619 2139 699 2195 toro.

118 2215 207 2274 Tunc
218 2215 313 2293 igitur
322 2215 405 2275 veris
417 2215 569 2292 gaudebat
579 2216 710 2275 Graecia
720 2217 811 2292 natis,

160 2298 249 2357 Tunc
263 2299 356 2356 etiam
366 2295 444 2355 felix
454 2299 538 2356 inter
550 2304 583 2356 ct
594 2317 676 2356 arma
686 2299 796 2376 pudor.

117 2383 206 2441 Atta
217 2379 489 2458 nonunapctuiti
499 2385 592 2438 nocte
603 2397 722 2456 vacare,

74 2475 98 2526 ιθ
159 2465 264 2545 impia,
279 2482 342 2522 non
353 2481 446 2522 unum
457 2460 523 2522 sola
533 2479 659 2521 manere
671 2461 762 2523 diem.

119 2550 201 2626 Quin
213 2550 306 2608 etiam
315 2547 410 2608 multo
423 2546 551 2607 duxistis
562 2547 673 2628 pocula
683 2548 763 2608 risu:

157 2633 304 2692 Forsitan
315 2640 348 2692 et
359 2630 459 2691 deme
470 2632 665 2691 verbafuere
677 2628 764 2691 mala.

119 2717 179 2777 Hic
191 2718 285 2777 etiam
295 2716 425 2796 petitur,
438 2717 533 2792 quite
544 2716 630 2794 prius
644 2722 715 2774 ante
727 2712 872 2793 reliquit:

159 2801 198 2860 Di
209 2801 334 2878 faciant,
345 2801 406 2860 isto
419 2805 507 2879 capta
517 2799 623 2859 fruare
634 2798 716 2858 viro!

74 2895 101 2946 ιδ
122 2884 209 2944 Haec
220 2885 296 2944 mihi
305 2891 376 2944 rota
386 2889 470 2943 tuam
479 2888 611 2963 propter
622 2889 766 2964 suscepta
777 2881 917 2963 salutem,
1022 2940 1024 2945 ⁴

161 2969 238 3042 Cum
250 2971 351 3048 capite
363 2969 423 3027 hoc
437 2968 562 3047 Stygiae
573 2968 632 3027 iam
644 2975 829 3047 poterentur
841 2987 947 3048 aquae,

118 3052 161 3112 lut
170 3050 288 3112 lectum
298 3054 410 3112 flenter
422 3053 538 3111 circum
549 3056 700 3112 staremus
712 3053 824 3112 amici?

160 3136 221 3195 llic
231 3138 284 3196 uhi
294 3142 370 3213 tum,
380 3154 438 3216 pro
450 3134 493 3213 di,
505 3135 635 3214 perlida,
648 3137 754 3214 quisve
766 3136 849 3196 faita

120 3218 202 3294 Quid
213 3221 240 3280 si
249 3218 434 3298 longinquos
444 3221 602 3279 retinerer
613 3218 703 3279 miles
715 3218 753 3279 ad
764 3219 866 3300 ludos,

74 3313 100 3365 lt)
163 3304 226 3363 Aut
236 3323 304 3363 mea
317 3305 343 3363 si
355 3308 454 3362 staret
464 3304 549 3362 navia
559 3304 593 3362 iu
604 3303 752 3362 Oceano?

120 3385 185 3446 Sed
195 3387 281 3446 vohis
292 3387 384 3448 facile
396 3392 445 3446 est
453 3388 549 3446 verba
559 3391 593 3446 ct
604 3405 791 3466 componere
801 3385 942 3447 fraudes:

161 3469 230 3531 Hoc
240 3490 333 3531 uuum
347 3468 457 3531 didicit
467 3471 583 3532 femina
595 3481 719 3551 semper
731 3489 817 3551 opus.
