2220 3846
132 193 175 259 88
432 186 792 261 ΡΒΟΡΠΉΙ

217 359 340 419 Dicam:
363 352 1011 439 ’10010001οε00Το010011010000000300,

256 443 299 503 Et
309 442 402 502 maris
413 446 446 501 et
459 446 563 500 terrae
575 439 667 517 longa
679 437 821 518 sepulcra
833 458 949 504 canam.

216 526 288 586 Dixi
298 544 367 605 ego,
379 545 446 586 cum
458 523 597 602 geminos
606 519 798 602 produceret
807 523 902 584 Arria
911 531 1013 609 natos,

165 617 200 671 00
263 603 342 694 [Illa
354 606 446 669 dabat
455 608 535 666 uatis
547 626 630 665 arma
640 610 765 665 vetante
777 600 860 692 deo]

218 693 288 755 Non
296 711 389 775 posse
402 691 440 751 ad
450 692 567 772 patrios
579 709 634 751 sua
643 687 708 769 pila
716 689 841 750 referre
851 691 1004 756 Penates:

257 776 377 857 Nempe
387 795 487 836 meam
496 775 621 834 firmant
631 792 712 833 nunc
724 772 783 833 duo
794 775 885 836 busta
895 776 1002 844 iidem.

218 861 339 940 Quippe
349 860 520 940 Lupercus,
531 857 603 937 equi
615 855 686 916 dum
698 857 799 917 rancia
809 862 950 939 protegit
960 878 1022 940 ora,

258 944 329 1003 Heu
335 943 399 1002 'sibi
409 942 554 1023 prolapso
565 959 629 999 non
638 942 719 1000 hene
732 941 811 1001 eavit
822 959 919 1022 equo:

163 1035 197 1090 95
219 1024 326 1087 Gallus
339 1032 379 1103 at,
392 1025 546 1085 incastris
559 1023 630 1084 dum
641 1023 762 1084 credita
772 1025 859 1103 signa
865 1032 987 1106 tuetur,

260 1108 405 1171 Concidit
418 1114 489 1169 ante
502 1105 621 1188 aquilae
632 1116 735 1168 rostra
746 1116 875 1169 cruenta
886 1129 969 1173 suae.

217 1192 341 1255 Fatales
351 1194 453 1275 pueri,
466 1193 525 1253 duo
537 1193 647 1252 funera
657 1193 764 1252 matria
776 1211 897 1273 avarae,

258 1278 354 1356 Vera,
366 1277 540 1355 0001100100,
552 1277 684 1354 contigit
692 1277 753 1337 ista
762 1276 851 1337 fides.

217 1360 302 1421 Idem
314 1380 382 1438 ega,
394 1381 462 1421 cum
473 1361 605 1421 Cinarae
616 1361 759 1420 traheret
767 1360 886 1420 Lucina
897 1359 1020 1423 dolores

143 1452 195 1505 100
254 1444 296 1504 Et
306 1443 448 1502 iacerent
459 1444 541 1502 uteri
550 1442 690 1523 pondera
699 1442 786 1505 lenta
796 1462 924 1524 moram,

215 1526 856 1606 lunonisvotmnfaciteinpetrabile,dixit

256 1609 315 1671 llla
327 1612 424 1693 parit:
434 1609 536 1672 iibris
547 1616 597 1671 est
607 1610 678 1670 data
687 1606 790 1691 palma
800 1612 888 1675 meis.

215 1695 283 1757 Hoc
294 1714 397 1774 neque
408 1695 593 1756 harenosum
604 1695 721 1775 Libyae
731 1695 811 1756 iovis
822 1691 959 1777 explicat
968 1700 1072 1754 antrum

257 1777 320 1839 Aut
333 1780 393 1839 sibi
404 1780 581 1839 commissos
593 1780 671 1839 fibra
681 1778 784 1839 locuta
796 1777 884 1858 deos,

143 1869 193 1922 105
213 1863 276 1923 Αο0
288 1864 314 1922 ri
326 1863 394 1942 quis
407 1869 504 1923 mutas
517 1864 649 1923 cornicis
661 1864 796 1923 senserit
809 1862 884 1941 alas,

256 1945 410 2008 Umbrave
422 1965 499 2026 quae
511 1948 636 2026 magicis
647 1953 768 2013 mortua
777 1947 884 2029 prodit
896 1948 990 2026 aquis.

215 2028 405 2109 Aspicienda
413 2031 462 2089 ria
474 2036 522 2090 est
534 2029 612 2091 caeli
622 2049 776 2110 verusque
785 2049 844 2111 per
855 2037 937 2091 astra

257 2112 388 2172 Trames
400 2118 432 2170 et
443 2114 480 2172 ab
492 2114 578 2171 zonis
590 2115 726 2193 quinque
736 2113 873 2195 petenda
883 2113 973 2174 fides.

211 2194 400 2274 Exemplum
411 2212 502 2273 grave
509 2196 571 2254 erit
578 2194 724 2258 Calcha:
738 2215 868 2277 namque
875 2195 990 2257 Aulide
996 2190 1066 2255 solvit

141 2289 193 2341 110
252 2276 310 2338 1110
320 2280 402 2338 bene
412 2278 579 2340 haerentes
591 2279 630 2342 ad
639 2283 691 2361 pia
702 2301 772 2343 saxa
781 2287 881 2342 rates:

213 2359 299 2422 Idem
309 2363 568 2442 Agamemnoniae
578 2364 698 2426 ferrum
710 2367 831 2427 cervice
841 2361 967 2444 puellae

255 2446 372 2524 Tinxit,
387 2455 421 2508 et
432 2447 560 2510 Atrides
571 2448 638 2511 vela
650 2456 778 2510 cruenta
790 2449 893 2509 dedit:

206 2528 278 2602 ³Nec
288 2530 415 2590 rediere
426 2538 529 2591 tamen
539 2533 651 2593 Danai:
670 2539 705 2593 tu
717 2532 818 2593 diruta
829 2533 938 2593 fletum

253 2612 418 2692 Supprime
430 2619 464 2673 et
473 2615 628 2677 Euboicos
639 2618 773 2697 respice,
786 2616 893 2693 Troia,
906 2614 999 2685 sinus.

49 2694 51 2699 ’
138 2703 189 2756 110
209 2693 357 2776 Nauplius
368 2696 487 2757 ultores
499 2700 554 2758 sub
564 2706 689 2761 noctem
698 2701 833 2780 porrigit
844 2702 934 2778 ignes

249 2780 292 2841 Et
302 2787 388 2841 natat
398 2783 514 2843 exuviis
527 2784 658 2845 Graecia
667 2803 777 2863 pressa
789 2785 862 2844 suis.

210 2863 321 2925 Victor
332 2865 464 2945 Oiliade,
475 2885 550 2946 rape
560 2887 642 2926 nunc
653 2874 687 2926 et
697 2865 792 2941 dilige
802 2872 916 2946 ratem,

251 2948 348 3024 Quam
358 2956 443 3008 vetat
453 2948 543 3008 avelli
554 2954 641 3007 reste
652 2947 795 3006 Minerva
806 2965 869 3008 sua.

210 3030 368 3091 Hactenus
382 3031 547 3089 historiae:
569 3048 650 3087 nuuc
661 3027 700 3087 ad
710 3035 763 3088 tua
775 3028 912 3093 deuehar
922 3037 1020 3095 0000οε

136 3123 188 3176 110
248 3115 353 3194 Incipe
364 3120 400 3173 tu
413 3112 549 3175 lacrimis
560 3130 676 3190 aequus
686 3111 797 3175 adesse
807 3118 905 3179 novis.

208 3196 338 3255 Umbria
348 3204 381 3256 te
391 3199 474 3257 notis
486 3198 610 3274 antiqua
620 3195 788 3259 Penatibus
802 3198 879 3278 edit,

250 3270 435 3358 (Mentior‘e
457 3298 496 3337 an
506 3280 625 3359 patriae
636 3283 774 3360 tangitur
785 3303 840 3342 ora
850 3290 922 3344 tuae
930 3277 970 3369 ¹3]

208 3359 276 3439 Qua
286 3356 436 3419 nebulosa
447 3381 519 3421 cavo
531 3369 616 3422 rarat
627 3364 769 3425 Mevania
780 3386 898 3445 campo,

247 3444 290 3506 Et
299 3442 384 3505 lacus
396 3445 519 3506 aestivis
529 3448 651 3528 intepet
660 3450 778 3511 Umber
789 3451 887 3528 aquis,
