2220 3846
182 444 934 586 snxunouunuii

373 643 712 728 annotinos

292 789 483 868 nisan
530 791 790 854 narnus.

106 958 129 1050 1
149 955 287 1070 Cynthia
298 992 396 1071 prima
409 995 471 1053 suis
482 996 628 1055 miserum
639 1014 688 1055 me
700 996 784 1074 cepit
795 993 914 1072 ocellis,

191 1075 374 1136 Contactum
385 1075 479 1137 nullis
491 1085 563 1139 aute
575 1078 779 1158 cupidinibus.

148 1157 229 1222 Tum
241 1160 316 1217 mihi
328 1162 497 1220 constantis
509 1160 624 1221 deiecit
634 1160 749 1221 lumina
761 1162 859 1221 fastus

188 1243 230 1303 Et
242 1249 333 1323 caput
343 1243 487 1324 inpositis
497 1246 613 1324 pressit
622 1247 719 1306 Amor
729 1245 870 1324 pedibus,

108 1333 125 1385 5
147 1323 253 1386 Donec
263 1344 312 1384 me
325 1326 430 1387 docuit
441 1336 539 1389 castas
554 1330 656 1390 odisse
666 1327 786 1410 puellas
854 1359 859 1366 ¹

188 1410 347 1488 improbus
360 1418 393 1471 et
403 1410 490 1472 nullo
502 1415 606 1473 vivere
618 1412 766 1487 consilio;

145 1493 187 1553 Et
197 1495 273 1552 mihi
284 1496 343 1553 iam
353 1501 420 1555 toto
432 1497 520 1555 furor
531 1498 655 1556 hicnon
668 1496 774 1555 deficit
785 1514 874 1570 anno,

188 1578 378 1635 Gumtumen
391 1577 535 1636 adversos
557 1597 651 1654 cogor
662 1580 780 1635 habere
792 1575 876 1637 deos.

147 1659 300 1718 Milanion
311 1657 411 1717 nullos
422 1658 582 1736 fugiendo,
594 1658 700 1737 Tulle,
710 1658 834 1719 labores
862 1674 863 1677 ’

92 1754 129 1807 10
189 1742 355 1802 Saevitiam
366 1740 461 1801 durae
473 1742 614 1802 contudit
624 1743 749 1803 Iusidos.

146 1827 221 1887 Nam
234 1825 324 1885 modo
336 1826 514 1886 Partheniis
526 1846 630 1886 amens
642 1829 766 1888 errabat
776 1828 814 1887 in.
821 1827 927 1904 antris,
1015 1852 1017 1856 ι

186 1911 253 1970 Ibat
264 1916 296 1970 et
308 1911 442 1970 hirsutas
453 1909 509 1970 ille
520 1910 629 1970 videre
638 1913 733 1990 feras,

146 1993 201 2054 ille
214 1995 305 2053 etiam
316 1992 431 2072 Hylaei
441 2013 606 2075 percussus
618 1994 747 2055 vulnere
758 1996 835 2055 rami

187 2078 314 2137 Saucius
325 2077 467 2138 Arcadiis
479 2081 607 2157 rupibus
618 2081 777 2158 ingemuit.

92 2170 126 2224 lt
148 2161 231 2239 Ergo
243 2161 382 2220 velocem
390 2163 492 2240 potuit
504 2161 658 2223 domuisse
668 2162 820 2242 puellam-2

190 2246 324 2304 Tantum
334 2246 368 2302 in
379 2244 483 2315 amore
493 2262 605 2323 preces
617 2253 651 2304 et
660 2247 824 2306 benefacta
833 2243 944 2304 valent.

145 2330 181 2388 In
190 2347 240 2387 me
251 2324 357 2386 tardus
369 2327 465 2385 Amor
474 2345 537 2385 non
547 2325 625 2386 ullas
638 2329 752 2404 cogitat
762 2331 846 2384 artes

186 2412 252 2471 Nec
262 2411 402 2470 meminit
413 2416 511 2487 notas,
524 2416 559 2469 ut
569 2412 666 2490 prius,
678 2412 725 2470 ire
737 2410 810 2469 rias.

147 2497 189 2554 At
199 2514 263 2571 vos,
275 2493 426 2554 deductae
440 2496 548 2573 quibus
562 2501 611 2554 est
621 2494 743 2555 fallacia
752 2492 843 2554 lunae

93 2590 129 2642 20
191 2579 233 2640 Et
242 2576 330 2637 labor
342 2579 376 2636 in
386 2580 511 2655 magicis
522 2597 609 2637 sucro
618 2580 706 2657 piare
717 2578 806 2653 focis,

146 2664 194 2724 En
206 2659 336 2739 agedum
348 2659 489 2720 dominae
501 2667 637 2720 mentem
648 2660 820 2719 convertite
831 2663 955 2718 nostrae
1001 2715 1008 2721 .

150 2753 159 2764 '
188 2747 230 2806 Et
240 2746 334 2805 facite
344 2744 401 2805 illa
411 2763 479 2805 meo
491 2743 608 2823 palleat
620 2762 675 2803 ore
687 2744 789 2822 magis.

148 2830 236 2889 Tunc
248 2848 305 2907 ego
318 2829 506 2890 crediderim
516 2828 602 2889 vobis
615 2836 647 2888 et
657 2827 761 2888 sidera
772 2834 805 2887 et
815 2846 919 2887 amnes

187 2914 284 2974 Posse
296 2913 442 2992 Gytaines
455 2912 570 2974 ducere
583 2914 778 2973 carminibus.

93 3008 127 3060 25
149 2999 286 3075 Antros,
299 2999 351 3075 qui
363 3016 432 3058 sero
444 2996 563 3076 lapsum
576 2998 738 3071 revocatis,
751 2995 850 3070 amici,

97 3132 99 3137 ,
190 3082 337 3156 Quaerite
349 3101 410 3140 non
421 3083 488 3141 sani
497 3082 635 3161 pectoris
648 3077 765 3139 auxilia.

146 3165 288 3225 Fortiter
300 3170 333 3223 et
345 3164 464 3224 ferrum
475 3183 581 3224 saevos
592 3164 744 3242 patiemur
757 3168 790 3221 et
800 3163 898 3240 ignes,

188 3249 236 3308 Sit
247 3247 338 3317 modo
350 3247 479 3308 libertas
491 3265 569 3326 quae
580 3245 657 3306 velit
666 3248 713 3307 ira
723 3244 820 3324 loqui.
980 3308 985 3315 ,

145 3331 243 3391 Ferte
253 3349 311 3410 per
323 3339 475 3392 extremas
488 3338 596 3410 gentes
608 3337 641 3392 et
653 3331 736 3390 ferte
747 3346 805 3406 per
816 3325 924 3398 undas,

101 3417 311 3474 *Paosasmus
798 3418 815 3467 l
