2220 3846
223 126 240 165 ι’

95 234 139 298 40
244 199 249 207 ’
395 219 754 287 annianum

221 396 376 474 Excipere
387 397 420 451 et
431 391 539 450 striato
550 390 648 465 figere
660 405 745 446 avem
757 385 884 468 calamo,
968 393 972 399 '

129 491 162 544 25
185 482 251 557 Qua
261 479 397 537 formam
408 494 463 535 suo
476 473 647 533 Clitumnus
658 472 783 530 flumina
793 470 865 532 luco

223 563 336 640 Integit
347 567 381 620 et
392 560 498 618 niveos
510 555 608 615 abluit
618 553 700 614 unda
710 557 814 616 boves.

183 648 233 707 Tu
244 646 387 725 quotiens
399 639 517 720 aliquid
528 641 693 715 conabere,
703 639 776 716 vita,
787 648 945 703 memento

223 729 396 793 Venturum
406 725 512 806 paucis
522 741 571 782 me
582 723 640 782 tibi
651 721 816 785 Luciferis.

184 814 235 874 Sia
246 830 295 872 me
308 829 367 870 nee
378 807 463 869 aulae
473 811 622 886 poterunt
633 811 775 865 avertere
786 805 881 868 silvae

130 907 164 961 30
224 895 289 955 Nec
299 912 374 971 vaga
384 892 532 951 muscosis
544 890 669 948 flumina
678 889 746 949 fusa
757 891 847 968 iugis,
1000 955 1005 961 ¹

184 979 265 1056 Quin
277 996 335 1055 ego
345 978 379 1035 in
390 973 510 1035 assidua
520 979 635 1033 mutem
645 980 698 1032 tna
707 975 831 1033 nomina
841 972 960 1054 lingua:

223 1062 355 1122 Absenti
365 1078 454 1119 nemo
466 1077 527 1116 nou
538 1058 680 1116 nocuisse
691 1054 776 1118 velit.

112 1195 164 1290 13
183 1193 269 1298 Quid
279 1230 338 1288 fles
349 1205 481 1286 abducta
491 1227 611 1303 gravius
622 1223 789 1284 Briseide?
810 1223 884 1302 qnid
894 1227 953 1286 flea
970 1278 979 1284 ..
991 1187 1025 1284 zi

223 1313 321 1372 Anxia
332 1311 450 1388 captiva
459 1310 580 1368 tristius
590 1308 826 1368 Andsomaehai

184 1394 302 1471 Quidve
313 1411 382 1452 mea
393 1392 432 1451 de
442 1392 553 1451 fraude
565 1392 650 1469 deos,
661 1394 777 1467 imane,
789 1393 925 1471 fatigas?

226 1476 308 1553 Quid
319 1477 461 1554 quereris
471 1481 609 1535 nostram
619 1477 665 1535 sic
676 1474 827 1537 cecidisse
837 1476 956 1538 iidem?

148 1571 164 1624 5
184 1562 254 1621 Non
264 1567 327 1619 tam
336 1565 487 1618 nocturna
497 1559 631 1619 volneris
642 1559 766 1620 funesta
777 1558 921 1638 querella
1003 1613 1005 1617 .

225 1645 329 1704 Attica
341 1643 501 1722 Cecropiis
513 1645 667 1724 obstrepit
677 1646 710 1703 in
720 1642 816 1721 foliis,

183 1727 212 1789 N
213 1747 249 1788 ee
260 1734 379 1786 tantum
389 1727 489 1787 Niobe
500 1729 548 1786 bia
559 1745 614 1786 sex
624 1726 663 1786 ad
673 1729 764 1788 busta
774 1729 911 1807 superba

226 1809 368 1872 Sollicito
379 1809 523 1870 lacrimas
535 1809 645 1870 defluit
655 1831 673 1870 a
683 1809 803 1891 Sipylo:

182 1896 237 1957 Me
248 1894 326 1956 lieet
336 1895 449 1953 aeratis
461 1895 632 1972 astringant
641 1895 769 1955 brachia
778 1895 880 1973 nodia,

60 2056 62 2061 Ι
130 1989 163 2040 10
224 1980 295 2039 Sint
305 1997 373 2037 mea
383 1974 434 2038 val
445 1978 565 2037 Danaes
577 1978 702 2038 condita
712 1981 849 2040 membra
859 1980 960 2058 domo,

17 3514 63 3625 ἱ

182 2063 260 2121 Inte
272 2080 329 2138 ego
342 2067 375 2120 et
385 2067 505 2120 aeratas
516 2081 664 2140 rumpam,
675 2081 745 2122 mea
753 2064 825 2140 vita,
837 2069 970 2141 catenas,

109 2159 113 2175 ¹
223 2145 385 2207 Fematam
395 2143 515 2202 Danaes
528 2144 762 2225 transiliamque
773 2145 913 2207 domum:

182 2228 273 2287 Dete
285 2225 498 2305 quodcumque
510 2228 549 2286 ad
559 2228 668 2289 surdas
679 2231 754 2289 mihi
764 2228 879 2288 dieitur
891 2248 994 2291 aures:

225 2311 274 2370 Tu
284 2309 426 2370 modone
438 2309 544 2371 dubita
555 2311 595 2371 de
606 2315 754 2391 grauitate
764 2331 841 2374 mea

128 2405 161 2457 15
183 2394 261 2455 Ossa
270 2395 328 2454 tibi
339 2394 407 2454 iuro
418 2413 476 2475 per
484 2398 592 2455 matris
604 2402 636 2456 et
648 2397 866 2477 assequentis

221 2471 277 2563 (Si
288 2476 376 2554 fallo,
388 2481 465 2537 cinis
476 2480 538 2539 heu
547 2481 590 2539 sit
600 2483 675 2540 mihi
686 2489 818 2560 uterque
831 2482 931 2559 gravis
936 2473 968 2562 i)

180 2562 235 2622 Me
246 2562 306 2620 tibi
317 2560 356 2620 ad
367 2567 519 2623 extremas
530 2583 715 2642 mansurum,
727 2567 800 2643 vita,
809 2565 973 2626 tenebras:

221 2645 336 2704 Ambo·
347 2664 407 2703 uua
416 2645 495 2705 fides
507 2649 638 2726 unieret,
648 2669 709 2708 una
719 2647 796 2709 dies.

181 2727 270 2803 Quod
282 2730 308 2788 si
319 2747 377 2788 nec
387 2748 500 2790 namen
511 2751 570 2792 nea
580 2752 630 2792 me
640 2738 694 2792 tua
703 2733 804 2792 forma
813 2738 952 2810 tenera,

126 2819 161 2872 20
220 2813 333 2872 Posset
347 2815 505 2874 servitium
515 2818 591 2875 mite
602 2822 713 2876 tenere
724 2823 819 2876 tuum.

181 2893 318 2974 Septima
327 2898 388 2956 iam
397 2896 511 2977 plenae
523 2898 687 2959 deducitur
699 2901 800 2958 orbita
810 2896 916 2974 lunae,

220 2979 297 3038 Cum
312 2978 350 3039 de
361 2999 412 3039 me
423 2987 458 3039 et
467 2980 507 3039 de
518 2987 552 3040 te
564 2986 697 3062 compita
707 2981 795 3042 nulla
804 2987 926 3042 tacent:

177 3061 302 3123 Interea
311 3065 401 3122 nobis
412 3083 475 3122 nan
485 3083 648 3143 numquam
660 3069 750 3126 ianua
760 3064 875 3144 mollia,

218 3146 287 3205 Non
298 3166 461 3224 numquam
472 3144 549 3207 lecti
561 3151 649 3228 copia
659 3151 742 3211 facta
751 3151 806 3210 tui.

122 3235 155 3288 25
177 3228 243 3287 Nec
254 3230 330 3287 mihi
341 3232 519 3290 muneribus
530 3252 590 3291 nox
601 3232 666 3294 ulla
677 3241 726 3295 est
737 3240 841 3313 empta
851 3231 973 3291 beatis:

218 3310 373 3388 Quicquid
384 3329 478 3389 eram,
490 3315 550 3374 hoc
561 3318 652 3377 animi
664 3320 763 3397 gratia
773 3335 882 3396 magna
890 3316 950 3378 tui.

177 3393 255 3454 cum
264 3398 297 3451 te
308 3399 370 3451 tam
381 3394 470 3455 multi
480 3405 638 3479 peterent,
649 3409 684 3461 tu
694 3421 744 3462 me
756 3421 816 3460 una
826 3399 955 3480 petisti:

213 3474 343 3537 Possum
354 3497 412 3559 ego
422 3487 550 3544 naturae
561 3504 625 3545 non
634 3486 813 3547 meminisse
822 3483 921 3544 tuae?
