2220 3846
287 176 521 242 xaunan
560 178 694 262 ιιι.

74 356 101 411 l5
123 347 369 428 Scandentisque
379 348 464 408 Anii
474 348 633 426 consurgit
645 351 764 410 vertice
777 369 892 434 murus,

165 431 276 493 Murus
287 434 324 493 ab
336 432 460 511 ingenio
472 433 576 492 notior
586 430 642 493 ille
651 438 715 493 tuo.
824 448 829 456 ·

125 513 264 595 Osaque
274 514 379 595 legisti
389 534 452 576 non
462 514 516 575 illa
527 521 629 576 aetate
639 513 773 594 legenda

164 598 266 660 Patris
277 601 352 661 etin
363 606 474 660 tenues
486 600 608 676 cogeris
620 601 688 680 ipse
699 598 812 660 Lares:

123 681 200 743 Nam
211 689 264 744 tua
275 703 344 744 cum
353 680 444 742 multi
455 686 618 742 versarent
627 702 701 743 rura
710 685 843 764 iuvenci,

74 773 101 827 ιο
161 765 299 826 Abstulit
310 764 447 826 excultas
458 765 579 845 pertica
588 767 689 827 tristis
701 786 786 849 opes.

122 847 198 909 Mox
208 851 262 910 ubi
272 848 356 908 bulla
365 848 437 908 rudi
448 848 581 910 demissa
591 854 640 909 est
652 869 744 911 aurea
756 851 849 932 collo,

163 933 276 992 Matris
288 939 322 992 ιι
335 939 407 992 ante
418 931 494 993 deos
504 931 605 993 libera
617 940 737 1015 sumpta
746 942 829 1015 toga,

123 1015 204 1075 Tum
213 1017 272 1076 tibi
280 1035 378 1096 pauca
388 1037 443 1078 auo
455 1016 494 1076 de
507 1019 641 1078 carmine
653 1017 750 1078 dictat
760 1018 873 1098 Apollo

162 1100 205 1160 Et
214 1105 299 1160 vetat
309 1101 416 1162 insano
428 1103 523 1162 verba
534 1107 645 1161 tonare
656 1101 736 1163 foro.

74 1186 106 1249 ιδ’
121 1185 163 1245 At
174 1189 208 1244 tu
219 1184 302 1262 finge
315 1183 432 1263 elegos,
443 1181 539 1244 fallax
551 1203 638 1262 opus,
649 1185 790 1259 haeffitua
801 1191 912 1266 castra,

163 1267 286 1326 Scribat
296 1275 331 1327 ut
344 1266 486 1346 exemplo
496 1272 605 1326 ¹cetera
615 1269 707 1327 turba
716 1274 780 1333 tuo.

123 1349 268 1410 Militiam
278 1351 412 1413 Veneris
423 1349 545 1412 blandis
555 1351 677 1430 patiere
688 1353 743 1412 sub
756 1354 849 1414 armis

161 1435 203 1494 Et
213 1435 347 1496 Veneris
358 1436 465 1517 pueris
476 1432 564 1495 utilia
574 1435 675 1495 hostis
687 1438 758 1498 eris.

119 1515 197 1576 Nam
206 1520 265 1579 tibi
274 1521 419 1578 uictrices
430 1537 637 1597 quacumque
645 1517 755 1580 labore
766 1522 893 1600 parasti,

74 1606 99 1662 lt)
161 1597 276 1661 Eladet
285 1599 402 1679 palmas
413 1620 473 1658 una
482 1599 590 1678 puella
598 1607 682 1659 tna:
704 1631 707 1637 ·

119 1684 163 1744 nt
173 1683 254 1741 bene
266 1700 335 1740 cum
344 1683 437 1740 fixum
448 1687 552 1741 mento
565 1680 748 1741 discusseris
758 1700 881 1763 uncum,

162 1763 214 1824 Nil
225 1766 287 1824 erit
298 1764 368 1842 hoc,
379 1769 483 1823 rostro
495 1769 528 1823 te
538 1769 662 1842 premet
672 1784 744 1824 ansa
755 1785 820 1828 suo.

118 1847 208 1910 Illius
219 1849 348 1909 arbitrio
359 1853 483 1907 noctem
493 1846 657 1926 lucemque
667 1847 803 1909 videbis:

162 1932 258 1992 Gutta
269 1949 392 2011 quoque
405 1949 443 1992 ex
454 1927 552 1990 oculis
564 1948 627 1990 non
636 1932 697 1990 nisi
707 1933 790 1992 iussa
803 1930 902 1996 cadet.

74 2020 99 2079 ιι
119 2015 184 2076 Νιι
195 2014 281 2076 mille
294 2016 441 2075 excubiae
453 2032 513 2074 nec
523 2020 556 2073 ιι
568 2015 686 2092 signata
696 2016 844 2076 iuvabunt

160 2099 295 2159 Limina:
316 2116 483 2178 persuasae
493 2094 608 2157 fallere
619 2099 697 2157 rima
708 2104 756 2159 sat
766 2105 823 2159 est.

120 2183 209 2243 Nunc
220 2189 272 2242 tna
281 2181 332 2242 vel
342 2181 453 2241 mediis
463 2183 576 2260 puppis
587 2179 724 2241 luctetur
733 2182 767 2241 in
780 2181 882 2261 undis,

162 2265 224 2328 Vel
232 2263 311 2325 licet
320 2267 444 2324 armatis
454 2265 555 2323 hostis
565 2266 693 2324 inermia
705 2282 768 2341 eas,

121 2346 185 2412 Vel
196 2347 378 2407 tremefacta
389 2368 461 2408 cavo
472 2344 569 2410 tellus
581 2346 707 2406 diducat
717 2347 845 2424 hiatum,

74 2440 99 2495 ἰο
161 2429 323 2511 Octipedls
335 2432 447 2492 cancri
459 2436 547 2509 terga
560 2431 687 2490 sinistra
697 2430 795 2490 time?

78 2565 104 2658 2
123 2562 332 2666 iinidmirarc
343 2615 426 2658 meas
436 2599 528 2657 totin
538 2617 599 2658 uno
612 2615 745 2677 corpore
755 2595 894 2656 formosi

161 2682 279 2759 Accipe
289 2681 454 2742 Vertumni
465 2682 551 2758 signa
560 2687 691 2759 paterna
702 2679 763 2740 dei.

122 2764 243 2824 Tuscus
255 2782 313 2842 ego
325 2769 359 2824 et
370 2763 481 2823 Tuscis
493 2765 591 2841 orior,
599 2783 658 2824 nec
670 2765 811 2843 paenitet
821 2764 905 2822 inter

162 2846 289 2908 Proelia
299 2845 458 2910 Volsinios
470 2846 646 2907 deseruisse
660 2847 756 2908 focos.

80 2941 98 2994 5
122 2931 209 2991 llaec
219 2951 269 2992 me
279 2934 371 2993 turba
380 2933 474 3008 iuvat,
487 2950 546 2992 nec
557 2930 672 3012 templo
684 2929 785 2992 laetor
796 2933 931 2992 eburno:

162 3016 819 3097 Romanumsatiseatpossc-vidercforum.
913 3048 915 3053 <

121 3099 188 3159 liac
200 3100 353 3178 quondam
365 3099 534 3160 Tiberinus
543 3102 606 3160 iter
616 3100 761 3174 faciebat,
774 3103 807 3156 et
818 3098 903 3157 aiunt

162 3181 328 3243 Remorum
340 3182 460 3243 auditos
470 3202 529 3263 per
538 3182 615 3244 vada
625 3181 714 3262 pulsa
726 3200 833 3240 sonos:

120 3267 165 3325 Λι
174 3273 337 3346 postquam
345 3264 403 3326 ille
415 3269 477 3327 anis
488 3262 607 3328 iantum
618 3266 772 3326 concessit
783 3264 923 3342 alumnis,

74 3363 94 3417 ο
162 3350 351 3412 Vertumnus
361 3369 452 3410 verso
463 3349 551 3412 dicor
562 3353 599 3412 ab
611 3368 700 3410 amne
711 3349 797 3410 deus.

119 3432 195 3512 Seu,
208 3436 280 3513 quia
288 3435 440 3495 vertentis
450 3435 585 3495 fructum
595 3435 809 3516 praecepimus
820 3428 904 3507 anni,
