2220 3846
88 235 129 296 lv
369 236 752 342 casanaula.

89 403 207 465 duobus
236 404 308 465 addi
334 405 431 484 solet,
459 404 644 465 Bernardini
670 405 780 469 Vallae
802 407 884 469 liber
906 431 923 468 a
942 410 1030 475 Fran

88 490 169 548 cisco
196 489 310 549 Paccio
336 489 519 550 Florentino
542 496 722 570 excerptus,
749 492 832 552 houd
851 491 948 553 multo
972 515 1030 560 car

86 573 176 633 tionis
191 571 267 632 fidei
288 579 352 652 cst,
376 593 466 653 quam
478 574 606 632 Antonii
625 566 763 654 Perreii,
785 575 897 654 Angeli
913 576 1030 642 0010ῐί-

87 655 218 716 aliorum
246 664 407 739 excerpta;
437 675 496 716 nec
524 655 690 736 quidquam
718 660 792 719 boni
821 660 870 720 bis
899 664 1030 722 omnibu

86 747 239 802 servatum
266 759 336 801 esse
362 748 454 821 puto,
484 739 567 819 quod
591 760 654 801 nou
673 740 818 802 italorum
837 745 961 823 ingenio
985 745 1030 805 de-

85 825 205 886 beatur.
230 843 324 903 quare
343 844 384 885 ne
403 825 510 885 Paccii
532 823 656 902 quidem
675 829 856 887 auctoritate
873 828 1030 907 quidquau

84 910 339 1052 reciperedausps
361 929 443 986 sum,
464 909 565 967 nisisi
581 908 805 971 emendationis
819 912 1030 992 probabilitate

86 1011 224 1053 commen
247 1011 299 1052 are
315 1013 361 1055 ur.

169 1077 365 1137 Coniecturis
392 1083 494 1137 autem
515 1077 579 1136 sive
601 1074 731 1138 aliorum
752 1079 816 1139 sivc
837 1080 914 1140 meis
933 1077 1030 1141 locun

51 1150 55 1170 '
84 1179 154 1222 ease
174 1158 271 1239 nolui,
292 1162 353 1222 nisi
375 1162 432 1237 eis,
456 1179 533 1240 quae
547 1162 620 1222 satis
635 1163 669 1221 in
683 1181 717 1222 ac
731 1163 806 1243 ipsis
819 1163 968 1243 praesidii
982 1165 1030 1224 ha-

82 1247 160 1306 bere
173 1244 363 1306 viderentur.
386 1247 471 1306 cuius
486 1247 609 1324 generis
623 1247 700 1305 haec
715 1245 864 1326 adscripsi
879 1247 1030 1328 exempla

53 1355 58 1362 ·
82 1328 112 1405 1,
136 1328 192 1407 ll,
213 1327 253 1389 21
277 1325 361 1389 Nam
381 1331 459 1391 mibi
475 1331 585 1411 scripsi
600 1350 658 1409 pro
679 1332 733 1391 Aa
751 1332 846 1401 miba'‚·
872 1333 913 1405 11,
936 1332 972 1409 3,
995 1331 1030 1392 33

75 1415 266 1494 flagratpro
271 1415 391 1494 flagret
397 1437 411 1482 ;
425 1414 474 1492 111,
486 1412 538 1492 32,
549 1412 589 1474 31
602 1413 702 1476 Latiis
711 1414 865 1494 Meropem
875 1414 1030 1496 Moabpra

81 1499 183 1557 satias
205 1517 370 1558 memorem
392 1497 573 1558 Musaeum
592 1497 668 1558 alios
684 1504 748 1558 tum
767 1498 1030 1559 Schneidewinum

81 1579 221 1641 Philal.l
242 1600 272 1661 p.
282 1577 343 1641 170
359 1590 499 1656 secutus3
519 1583 572 1660 IV,
589 1581 620 1660 6,
635 1579 675 1642 22
692 1583 964 1643 Athamantiadae
976 1602 1030 1662 pro

81 1666 231 1726 micantia
245 1685 355 1746 aquae,
373 1665 410 1725 cf.
428 1665 620 1726 Schneidew.
632 1665 705 1725 ibid.
717 1685 746 1745 p.
754 1661 834 1739 3763
856 1664 912 1741 14,
929 1665 971 1726 32
987 1687 1030 1745 sq⁴

81 1747 189 1808 Eurus
207 1756 240 1809 et
261 1749 390 1810 adversa
411 1783 454 1793 ·-
474 1748 582 1811 Dicaea
602 1749 659 1810 aab
680 1751 776 1810 tacito
797 1768 854 1829 pro
876 1748 1030 1810 Eutresia

82 1832 228 1892 adversos
246 1867 288 1877 —
311 1832 415 1894 Litore
428 1835 472 1893 aio
483 1836 583 1894 tacita
591 1857 606 1905 ;
627 1832 683 1910 18,
704 1832 746 1893 22
765 1833 876 1894 tondes
888 1853 945 1912 pro
962 1840 1030 1893 ton·

82 1915 179 1986 dean
200 1915 258 1993 22,
281 1913 320 1976 15
342 1915 386 1976 ut
408 1919 451 1976 aia
467 1937 528 1998 qao
547 1919 676 1998 Ortygia
692 1917 818 1977 visenda
832 1923 864 1975 et
879 1936 937 1976 ora
954 1915 1030 1996 Gop-

80 2000 141 2059 otn'
163 2018 221 2078 pro
250 2007 281 2060 et
310 2002 339 2060 st
358 2020 420 2081 qua
445 2002 594 2081 Ortygiae
615 1999 742 2060 ostenda
764 2006 812 2059 est
833 2019 889 2060 ora
911 1999 1030 2080 Caystri

80 2081 154 2142 dcdi
182 2082 260 2144 duce
287 2085 423 2164 Hauptio
445 2085 525 2144 Mus.
547 2083 645 2144 Rhen.
670 2103 695 2142 a.
721 2079 819 2157 18433
846 2083 886 2161 V,
909 2082 946 2159 l,
972 2081 1030 2142 125

81 2167 168 2227 Asici
185 2187 243 2247 pro
265 2171 329 2229 asts
357 2175 482 2229 auctore
511 2166 724 2240 Lachmaun03
759 2167 794 2242 5,
824 2164 864 2227 19
886 2175 1030 2246 pererrat

79 2268 137 2331 pro
155 2259 290 2332 perurat
311 2271 329 2313 c
354 2254 532 2314 coniectari
551 2251 588 2314 F.
605 2251 712 2312 Jacobi
732 2248 846 2312 Philoi.
869 2250 896 2309 11
913 2271 943 2329 p.
959 2249 1030 2327 459,

80 2334 132 2413 qui
151 2341 315 2414 praetcrea
333 2338 367 2396 in
381 2338 524 2418 sequenti
537 2355 628 2398 versu
636 2337 715 2414 serit
729 2367 770 2378 -
783 2342 879 2416 gatto
893 2335 1030 2393 scriben-

78 2417 151 2478 dum
171 2417 241 2480 esse
258 2423 399 2483 coniecit.
423 2431 531 2483 contra
546 2421 689 2503 plurima,
712 2438 789 2498 quac
804 2424 948 2497 corrupta
959 2435 1030 2499 esse

77 2503 153 2563 mihi
173 2523 353 2584 persuasum
373 2513 457 2582 erat,
480 2508 544 2565 sive
564 2506 671 2585 plures
692 2499 876 2561 emendandi
894 2502 1030 2560 rationes

76 2588 203 2667 probari
229 2608 321 2669 posse
347 2587 547 2664 videbantur,
575 2588 640 2645 sive
666 2583 751 2642 nulla
778 2585 851 2643 satis
878 2585 1030 2665 placebat,

77 2672 142 2731 aive
168 2672 235 2752 ipsa
254 2672 394 2734 codicum
415 2672 568 2751 scriptura
590 2667 690 2747 aliquo
712 2667 803 2727 modo
825 2667 954 2728 defendi
974 2689 1030 2749 po-

76 2761 175 2840 terat,
201 2757 245 2817 ita
272 2763 307 2816 ut
327 2757 361 2816 iu
382 2757 505 2837 optimis
529 2752 686 2813 codicibus
708 2753 823 2832 scripta
843 2759 915 2813 sunt
935 2753 1030 2814 relin-

78 2857 191 2920 quere,
213 2860 303 2920 quam
323 2842 531 2900 coniecturam
553 2838 741 2898 aaubtituere
763 2836 864 2899 malui.
