2220 3846
187 255 192 265 Δ
293 178 706 259 mensurna.
940 135 1045 280 aa

75 358 93 410 5
113 346 212 410 Fulvo
221 366 307 406 coma
318 351 367 405 est
376 344 549 424 longaeque
559 364 677 422 manus,
688 352 721 405 et
731 347 858 409 maxima
867 353 934 408 toto

155 431 307 509 Corpore,
319 436 352 488 et
361 427 479 489 incedit
490 426 540 488 rel
551 429 622 490 love
634 427 727 506 digna
737 449 835 508 soror,

114 515 177 573 Aut
188 532 256 572 cum
267 511 424 572 Dulichias
445 507 548 577 Pelles
561 513 711 591 spatiatur
723 511 762 571 ad
772 532 850 591 arae

155 597 308 675 Gorgonis
321 596 500 674 anguiferae
511 602 621 674 pectus
632 602 741 675 operta
752 598 856 658 comis.

114 677 218 755 Qualis
232 686 264 738 et
274 678 471 740 Ischomache
481 678 631 758 Lapithae
643 697 738 756 genus
749 678 889 758 heroine,

60 773 95 825 10
157 762 320 822 Centauris
332 761 434 821 medio
447 766 532 838 grata
542 762 650 840 rapina
660 780 772 839 mero,

57 863 59 867 ·
113 845 274 906 Mercurio
287 850 320 903 et
330 844 444 904 sanctis
454 844 556 904 fertur
566 845 740 905 Boebeidos
752 844 842 906 undIs

154 928 338 1006 Virgineum
348 928 451 987 Brimo
464 931 671 1008 composuisse
683 928 773 993 latus.

113 1009 226 1072 Cedite
236 1012 306 1088 iam,
318 1010 416 1089 divae,
427 1031 501 1090 quas
511 1012 749 1093 pastor.viderat
759 1010 833 1074 olim

152 1092 251 1154 Idaeis
262 1096 381 1155 tunicas
391 1114 510 1175 ponere
519 1096 696 1157 verticibus.

59 1187 92 1239 15
114 1178 201 1237 Hanc
212 1179 329 1239 utinam
341 1179 453 1238 faciem
463 1177 543 1238 nolit
553 1185 673 1238 mutare
686 1186 840 1258 senectus,

153 1261 221 1322 Etsi
232 1262 384 1323 Cumaeae
396 1259 518 1321 saecula
526 1263 604 1321 vatis
616 1268 695 1340 aget.

72 1391 97 1482 3
117 1390 179 1494 Qui
190 1425 304 1488 nullam
313 1428 372 1489 tibi
384 1427 509 1488 dicebas
522 1430 583 1489 iam
592 1447 684 1509 posse
693 1447 820 1508 nocere,

152 1510 300 1589 Haesisti,
312 1511 427 1571 cecidit
437 1514 564 1592 spiritus
574 1512 629 1572 ille
640 1519 719 1574 tuus.
884 1577 886 1582 ,

112 1592 173 1653 Vix
183 1613 276 1653 unum
284 1600 386 1672 potes,
397 1593 517 1671 infelix,
528 1597 729 1672 requiescere
740 1613 888 1672 mensem,

153 1675 196 1733 Et
206 1677 305 1754 turpis
316 1675 355 1734 dc
366 1682 399 1734 te
409 1678 470 1735 iam
479 1676 562 1735 liber
574 1676 653 1735 alter
665 1677 736 1735 erit.

71 1769 89 1822 5
112 1758 316 1835 Quaerebam,
328 1759 410 1817 sicca
420 1760 446 1818 si
455 1764 564 1837 posset
572 1760 666 1838 piscis
678 1776 771 1819 arena

151 1840 217 1900 Nec
229 1838 339 1900 solitus
350 1846 446 1920 ponto
456 1843 561 1902 vivere
571 1848 676 1903 torvus
688 1849 773 1922 aper,

110 1925 173 1984 Aut
184 1942 241 2001 ego
255 1926 281 1984 si
289 1942 413 2004 possem
424 1923 534 1985 studiis
545 1924 674 2004 vigilare
685 1926 818 1985 severis:

151 2007 314 2086 Diffcrtur,
324 2027 488 2087 numquam
498 2007 619 2069 tollitur
629 2008 710 2070 ullus
723 2029 816 2069 amor.

110 2089 176 2150 Nec
186 2109 235 2151 me
246 2098 309 2151 tam
318 2092 425 2169 facies,
434 2089 572 2172 ’quamvis
584 2095 625 2154 sit
636 2092 775 2171 candida,
787 2093 872 2173 cepit

55 2183 91 2235 10
153 2165 255 2256 (Lilia
265 2195 327 2235 non
339 2174 460 2235 domina
472 2179 534 2236 sint
544 2178 639 2256 magis
651 2177 718 2238 olba
729 2195 813 2251 mea3

108 2256 153 2317 Ut
163 2258 318 2317 Maeotica
326 2259 378 2318 nix
388 2260 483 2318 minio
495 2261 522 2318 si
533 2266 635 2320 certet
644 2261 776 2337 Hibero,

150 2339 256 2417 thue
267 2358 356 2398 rosae
366 2358 445 2417 puro
454 2340 537 2399 lactc
547 2346 655 2399 natent
664 2337 772 2424 folia),
853 2396 856 2400 .

108 2421 174 2482 Nec
187 2421 226 2481 de
238 2440 324 2481 more
336 2439 440 2480 comae
450 2439 508 2499 per
518 2419 600 2480 levia
610 2421 691 2480 colla
700 2424 844 2498 fluentes,

150 2505 219 2565 Non
234 2502 325 2582 oculi,
337 2507 486 2583 geminae,
499 2503 602 2564 sidera
612 2511 729 2582 nostra,
743 2504 837 2581 faces,

56 2598 91 2649 15
110 2588 176 2648 Nec
188 2591 214 2648 si
227 2609 286 2667 qua
296 2588 411 2649 Arabio
422 2588 508 2649 lueet
517 2589 668 2668 bombyce
679 2586 783 2669 puella

151 2665 242 2755 (Non
252 2690 319 2730 sum
330 2672 369 2732 de
380 2671 477 2730 nihilo
488 2668 619 2731 blandus
635 2679 752 2732 amator
763 2664 855 2754 ego),

110 2754 262 2829 Quantum
274 2754 357 2832 quod
366 2755 467 2834 posito
479 2754 615 2813 formose
626 2752 717 2814 saltat
727 2754 846 2830 laccho,

147 2838 221 2916 Egit
231 2844 266 2896 ut
276 2839 426 2898 euhantcs
437 2836 497 2896 dux
507 2837 645 2897 Ariadna
656 2838 777 2914 choros,

107 2919 150 2980 ut
162 2927 317 2999 quantum,
328 2920 437 2982 Aeolio
450 2941 517 2981 cum
528 2926 660 3002 temptat
671 2921 805 2981 carmina
817 2918 948 3002 plectro,

50 3013 89 3065 20
150 3002 212 3063 Par
222 3005 419 3085 Aganippeae
430 3003 541 3064 ludere
553 3005 644 3066 docta
652 3003 750 3085 lyrae,

106 3085 150 3146 lic
160 3106 214 3147 sua
225 3106 293 3147 cum
305 3089 449 3167 antiquae
460 3090 624 3149 committit
635 3091 751 3168 scripta
762 3088 916 3147 Corinnae

148 3169 352 3249 Carminaque
364 3172 498 3232 Erinnes
510 3192 573 3232 non
582 3178 671 3252 putat
681 3190 778 3250 aequa
789 3172 861 3231 suis.

104 3251 184 3311 Num
195 3255 253 3314 tibi
264 3256 404 3314 nascenti
414 3256 532 3334 primis,
544 3273 613 3314 mea
622 3257 694 3333 vita,
707 3254 816 3314 diebus

147 3336 303 3398 Candidus
316 3345 456 3418 argutum
467 3340 601 3410 sternuit
611 3357 702 3398 omen
712 3338 831 3398 Amor?

44 3427 83 3482 25
104 3419 192 3481 Haec
206 3423 264 3482 tibi
276 3420 474 3482 contulerunt
485 3420 631 3484 caelestia
640 3441 769 3505 munera
780 3419 853 3495 dist,
