2220 3846
387 224 752 288 PROPERTII

217 399 250 458 Si
262 417 322 476 que
331 398 418 456 venit
428 414 510 472 sero,
522 413 631 471 magna
641 395 730 452 ruine
741 394 834 454 venit.

177 484 227 543 Tu
236 489 338 541 tamen
349 483 481 556 interes,
494 479 629 556 quemvis
640 483 673 535 te
685 475 796 554 diligat
807 474 874 556 illa,

122 577 157 630 30
217 566 252 625 ln
264 567 359 624 tacito
372 562 484 633 cohibe
496 557 606 639 gaudia
618 558 721 619 clausa
733 562 810 620 sinu.
950 632 952 636 Α

174 649 312 728 Namque
323 650 356 707 in
369 665 473 706 amore
485 665 539 704 suo
552 663 675 723 semper
687 663 741 703 sua
751 646 881 705 maxima
895 649 1006 727 cuique

216 732 402 810 Nescio'quo
413 735 504 810 pacto
515 731 610 790 verba
624 747 740 787 nocere
752 726 865 790 solent.

175 818 317 893 Quamvis
328 822 361 874 te
372 831 525 894 persaepe
535 817 636 889 vocet,
648 810 745 870 sem'el
755 814 803 872 ire
815 823 985 875 memento:

215 899 362 960 Invidiam
374 896 457 976 quod
468 897 573 973 habet,
584 914 646 955 non
656 893 739 955 solet
750 915 820 955 esse
832 896 894 959 diu.

121 993 155 1046 35
177 985 219 1043 At
231 985 257 1043 si
268 981 371 1042 saecla
381 983 487 1041 forent
498 981 631 1058 antiquis
644 986 730 1058 grata
740 978 866 1059 puellis,

215 1068 325 1127 llssem
336 1085 405 1144 ego,
418 1063 501 1144 quod
512 1083 593 1125 nuuc
604 1071 654 1122 tu:
677 1071 818 1143 tempore
832 1066 941 1124 vincor
951 1085 1011 1147 ego.

174 1151 243 1210 Non
256 1158 359 1210 tamen
372 1152 432 1209 ista
442 1167 527 1207 meos
539 1149 699 1207 mutabunt
711 1146 834 1208 saecula
844 1168 964 1210 mores:

213 1235 432 1313 Unusquisque
444 1252 498 1292 sua
508 1232 630 1291 noverit
641 1233 689 1290 ire
701 1233 757 1293 uia.

174 1319 217 1377 At
227 1338 291 1395 vos,
304 1318 357 1395 qui
368 1317 471 1375 officia
481 1317 513 1375 in
524 1315 636 1374 multos
648 1317 800 1375 revocatis
812 1314 943 1396 amores,

120 1410 155 1462 40
216 1402 369 1476 Quantum
382 1402 426 1458 sic
440 1401 556 1458 cruciat
565 1399 681 1458 lumina
692 1406 796 1459 vestra
808 1398 912 1460 dolor!

173 1484 306 1546 Vidistis
316 1482 416 1564 pleno·
423 1489 562 1542 teneram
575 1482 709 1542 candore
720 1482 865 1563 puellam,

214 1567 346 1630 Vidistis
357 1566 455 1644 fusco,
468 1565 553 1626 ducit
564 1572 696 1644 uterque
708 1567 808 1627 color:

173 1651 304 1712 Vidistis
316 1651 466 1730 quandam
477 1651 591 1728 Argiva
600 1651 729 1728 prodire
740 1653 849 1730 figura,

214 1734 346 1797 Vidistis
357 1742 488 1810 nostras,
500 1740 631 1811 utraque
642 1734 742 1797 forma
752 1737 849 1816 repit:

118 1827 153 1883 45
173 1817 293 1898 illaque
303 1817 429 1899 plebeio
440 1816 491 1878 vel
502 1820 544 1876 sit
555 1817 688 1877 sandicis
700 1821 823 1897 amictu,

214 1905 300 1963 llaec
311 1910 403 1983 atque
413 1901 467 1963 illa
476 1901 548 1961 mali
559 1900 694 1961 vulneris
709 1923 770 1963 una
779 1906 829 1963 via
838 1911 904 1979 est;

174 1988 251 2047 Cum
262 1990 335 2047 satis
346 2008 405 2047 una
415 1988 477 2047 tuis
489 1987 639 2045 insomnia
648 1994 756 2065 portet
769 1986 891 2066 ocellis,

213 2072 282 2132 Una
293 2073 334 2129 sit
345 2077 378 2130 et
388 2071 483 2130 cuivis
494 2070 609 2128 femine
621 2069 717 2130 multa
727 2069 815 2133 mala.

102 2204 154 2296 2l
173 2201 252 2296 Vidi
262 2243 294 2297 te
306 2239 339 2297 in
351 2240 464 2298 somnis
475 2240 583 2318 fracta,
594 2258 663 2299 mea
673 2239 745 2316 vita,
757 2240 859 2298 carina
985 2202 1036 2298 2il

213 2321 298 2382 Ionio
309 2319 404 2382 lassas
416 2322 531 2383 ducere
542 2343 614 2384 rore
625 2342 742 2400 manus,

88 2421 96 2433 ²
170 2406 212 2465 llt
225 2426 433 2487 quaecumque
445 2411 478 2467 in
488 2427 537 2468 me
548 2409 652 2468 fueras
664 2408 793 2468 mentita
802 2407 907 2485 fateri,

211 2490 276 2550 Nec
288 2493 348 2552 ium
358 2494 488 2553 humore
500 2512 607 2571 graves
619 2489 736 2551 tollere
745 2509 837 2571 posse
851 2511 964 2570 comas,

133 2582 149 2633 5
171 2573 299 2649 Qualem
310 2578 474 2654 purpureis
485 2579 628 2654 agitatam
637 2577 782 2635 fluctibus
793 2573 922 2653 Hellen,

210 2659 313 2718 Aurea
324 2678 413 2738 quam
423 2658 511 2719 molli
522 2665 649 2739 tergore
660 2661 742 2719 vexit
754 2661 828 2720 ovis.

169 2743 266 2818 Quam
277 2745 375 2822 timui,
387 2763 427 2803 ne
437 2745 521 2804 forte
532 2751 618 2813 tuum
630 2762 714 2802 mare
728 2761 842 2803 nomen
852 2744 998 2823 heberet,

208 2827 311 2905 Atque
322 2835 375 2887 tua
387 2826 497 2888 labens
507 2831 609 2888 navita
619 2829 713 2888 fleret
724 2827 817 2906 aqua!

169 2911 254 2984 Quae
266 2916 329 2968 tum
337 2929 394 2987 ego
402 2912 556 2990 Neptuno,
569 2919 794 2989 quaetumcum
802 2910 1040 2987 Castoreiratri,

115 2999 149 3051 10
211 2992 358 3071 Quaeque
369 2994 427 3052 tibi
439 2995 547 3072 excepi
558 3000 633 3072 tum,
645 2994 704 3055 dea
713 2995 918 3055 Leucothoe?

167 3076 210 3135 At
221 3081 265 3152 tu,
281 3078 329 3135 vix
340 3078 454 3154 primes
465 3075 620 3139 extollens
632 3082 754 3159 gurgite
765 3078 894 3160 palmas,

209 3158 308 3239 Saepe
320 3179 421 3220 meum
433 3181 546 3222 nomen
556 3165 616 3224 iam
626 3167 768 3245 periture
778 3183 879 3224 vocas.

168 3241 258 3318 Quod
269 3245 295 3301 si
305 3244 388 3304 forte
399 3251 469 3306 tuos
480 3247 608 3308 vidisset
620 3249 755 3309 Glaucus
766 3246 897 3325 ocellos,

206 3327 301 3386 Esses
312 3328 390 3389 lonii
400 3330 482 3390 facta
490 3332 598 3411 puella
609 3335 712 3409 maris,

115 3418 147 3471 15
167 3410 210 3472 Et
223 3412 281 3471 tibi
293 3415 331 3473 ob
342 3414 487 3475 invidiam
498 3415 650 3476 Nereides
660 3418 901 3496 increpitarent,

209 3496 347 3560 Candida
356 3500 488 3578 Nesaee,
500 3499 624 3575 caerula
635 3499 818 3580 Cymothoe.
