2220 3846
99 191 140 260 72
394 185 756 249 PROPERTII

180 355 352 421 Leucadius
362 371 467 414 versas
478 347 561 414 acies
570 353 753 412 memorabit
763 351 892 433 Apollo.

128 451 163 506 70
225 441 358 500 Tantum
370 436 473 516 operis
485 434 562 496 belli
573 435 698 496 sustulit
708 455 768 494 uua
779 435 857 501 dies.

181 525 224 585 At
232 529 277 599 tu,
289 524 352 582 sive
363 520 453 600 petes
464 525 572 599 portus
586 537 652 596 seu,
664 520 777 597 navita,
788 519 925 600 linques,

224 604 365 666 Caesaris
376 605 409 662 in
419 608 485 662 toto
496 605 538 663 sis
549 621 668 662 memor
678 603 774 664 Ionio.

113 739 163 834 ll
182 737 342 849 Postume,
353 768 529 850 plorantem
539 769 668 848 potuisti
676 765 822 847 linquere
834 769 965 851 Gallam,
998 739 1011 831 l

221 851 316 915 Miles
330 860 362 913 et
373 853 503 930 Augusti
512 852 607 910 fortia
618 851 704 928 sigua
714 851 826 931 sequi?

182 938 316 997 Tautiue
328 935 391 996 ulla
401 936 461 995 fuit
472 932 596 1015 spoliati
607 933 706 1011 gloria
715 934 834 1012 Parthi,

221 1018 268 1079 Ne
279 1019 401 1080 faceres
413 1016 503 1078 Galla
513 1010 609 1076 multa
619 1023 749 1095 rogante
759 1019 836 1077 tua?

145 1112 161 1165 5
184 1103 218 1166 Si
228 1102 275 1163 ias
287 1109 345 1182 est,
358 1120 463 1163 omnes
474 1102 593 1180 pariter
604 1101 740 1179 pereatis
752 1103 846 1178 avari,

221 1186 264 1247 Et
275 1186 413 1266 quisquis
426 1181 488 1244 fido
500 1183 649 1264 praetulit
660 1203 743 1243 arma
754 1186 840 1243 toro!

182 1270 232 1330 Tu
242 1276 346 1329 tamen
355 1271 470 1329 iniecta
480 1272 592 1343 tectus,
602 1285 726 1344 vesane,
734 1265 862 1328 lacerna
975 1303 982 1315 ·

221 1352 347 1412 Potabis
358 1350 444 1430 galea
454 1350 554 1429 fessus
565 1351 674 1410 Araxis
686 1370 803 1429 aquam.

180 1433 235 1494 [lla
247 1433 371 1513 quidem
380 1435 502 1492 interea
512 1433 593 1492 fama
602 1435 743 1494 tabescet
752 1435 847 1513 inani,

129 1527 162 1578 10
224 1516 310 1577 Haec
320 1524 373 1577 tua
383 1535 423 1576 ne
434 1517 531 1576 virtus
541 1517 596 1576 fiat
608 1536 709 1578 amara
719 1518 789 1594 tibi,

179 1599 264 1660 Neve
278 1607 331 1661 tua
340 1600 454 1662 Medae
469 1597 625 1660 laetentur
637 1598 732 1660 caede
744 1601 885 1681 sagittae,

220 1685 357 1745 Ferreus
369 1690 474 1745 aurato
485 1702 547 1743 neu
559 1684 772 1763 cataphractus
785 1702 879 1763 equo,

179 1767 208 1827 N
209 1786 264 1828 eve
277 1767 394 1847 aliquid
405 1767 444 1827 de
455 1773 487 1826 te
498 1766 635 1827 flendum
646 1767 803 1827 referatur
813 1770 847 1828 in
857 1788 949 1829 urnas

221 1851 273 1911 Sic
287 1851 431 1929 redeunt,
442 1849 506 1911 illis
517 1852 569 1929 qui
581 1848 724 1914 cecidere
733 1849 822 1914 locis.

107 1939 113 1947 '
128 1944 159 1995 15
183 1935 248 1994 Ter
260 1942 370 2015 quater
383 1936 416 1994 in
427 1934 510 1994 casta
521 1930 598 1994 felix
609 1954 627 1994 o
637 1933 784 1994 Postume
796 1934 900 2016 Galla,

219 2017 361 2079 Moribus
372 2019 421 2078 his
433 2017 491 2078 alia
502 2019 632 2095 coniuge
643 2017 753 2095 dignus
766 2037 845 2081 cras.

180 2099 261 2176 Quid
272 2101 367 2159 faciet
376 2098 462 2158 nullo
474 2102 591 2159 munita
599 2099 705 2181 puella
715 2103 837 2180 timore,

221 2183 298 2242 Gum
309 2184 351 2240 sit
359 2182 499 2240 luxuriae
510 2181 606 2242 Roma
616 2185 761 2261 magistra
772 2186 869 2244 suae?

179 2264 243 2326 Sed
254 2283 381 2325 securus
391 2283 459 2324 eas:
480 2263 601 2325 Gallam
612 2286 674 2326 uon
686 2268 966 2346 mmeravincent,
981 2326 984 2331 .

8 2393 11 2400 -
125 2359 160 2410 20
219 2349 421 2428 Duritiaeque
431 2354 503 2408 tuae
513 2369 575 2410 uon
587 2351 649 2410 erit
658 2349 714 2411 illa
723 2369 849 2413 memor.

65 2484 71 2493 .
178 2431 256 2492 Nam
267 2451 460 2514 quocumque
474 2431 525 2492 die
536 2432 651 2494 salvum
662 2440 695 2494 te
706 2436 771 2494 fata
780 2436 951 2512 remittent,

221 2516 377 2577 Peudebit
388 2513 471 2576 collo
484 2516 574 2578 Galla
584 2515 695 2598 pudica
706 2524 770 2580 tuo.

179 2599 341 2658 Postumus
353 2599 434 2660 alter
445 2602 507 2660 erit
516 2599 655 2661 miranda
668 2603 798 2680 coniuge
808 2598 925 2662 Ulixes.

218 2681 288 2741 Nou
298 2681 347 2743 illi
355 2681 466 2763 longae
477 2690 525 2744 tot
535 2703 672 2746 nocuere
682 2703 799 2763 morae,

125 2773 159 2824 25
181 2765 289 2824 Castra
305 2764 414 2828 decem
431 2788 595 2847 annorum,
616 2775 649 2829 et
660 2770 809 2829 Ciconum
826 2787 914 2828 mons
926 2767 1011 2826 isam

657 2848 764 2927 calpe,

218 2930 415 3013 Exustaeque
425 2940 497 2994 tuae
508 2951 587 3013 mox,
598 2929 802 3008 Polypheme,
815 2949 925 3011 genae,

95 3027 97 3032 ’
177 3011 219 3072 Et
230 3014 337 3076 Circes
346 3015 484 3091 fraudes,
494 3012 640 3091 lotosque
650 3013 831 3092 herbaeque
844 3024 976 3091 tenaces,

218 3096 384 3178 Scyllaque
398 3103 431 3156 et
445 3093 581 3154 alternas
593 3097 688 3156 scissa
700 3098 875 3176 Charybdis
888 3115 987 3179 aquas,

178 3179 354 3260 Lampeties
365 3179 478 3239 lthacis
488 3178 621 3238 verubus
633 3182 768 3260 mugisse
779 3183 926 3242 iuvencos

121 3269 156 3322 30
217 3256 371 3347 (Paverat
380 3262 438 3320 hos
448 3260 576 3321 Phoebo
587 3261 652 3324 iilia
661 3258 858 3350 Lampetie),

175 3347 218 3406 Et
227 3343 393 3404 thalamum
403 3345 526 3405 Aeaeae
536 3347 642 3407 flentis
652 3349 771 3426 fugisse
782 3346 918 3427 puellae,

218 3427 343 3505 'l'otque
354 3430 465 3489 hiemis
477 3435 586 3490 noctes
597 3437 706 3512 totque
718 3438 841 3491 natasse
853 3430 932 3507 dies,
