2220 3846
283 181 763 266 Lattmann
947 184 999 256 'm

173 347 258 426 Visa,
267 366 372 427 neque
382 350 499 408 ostrina
510 368 579 410 cum
588 349 814 432 initlntunicu,
856 370 860 377 ·

128 431 198 507 litat
209 438 242 492 et
251 432 324 492 hinc
335 437 436 493 castae
446 438 604 493 umatum
614 435 733 494 somnia
744 435 869 516 Vestae,
991 456 995 465 ’

169 514 238 575 Neu
248 515 310 575 sibi
319 516 574 594 neaemihiquae
584 518 726 577 nocitura
735 517 854 580 iurent:

129 595 496 659 Talisvisannihisomno
510 597 774 662 liminarecenti.
823 626 826 633 ·

74 689 109 743 to
172 680 871 761 lleuqnantumpeneecaudidaformasalett

127 765 207 842 ‘Quo
217 771 255 826 tu
265 765 454 841 matutinun'
466 764 519 842 ait,
532 763 720 843 ‘speculatur
730 769 868 828 amicae?
883 767 902 793 ⁸

166 849 221 909 Me
234 847 369 909 similem
376 847 487 907 uestris
497 849 633 909 muribus
647 867 716 917 esse
725 852 839 932 putaui

122 930 339 1010 Ncnegctana
348 928 465 991 facilis:
486 932 843 1014 sateritmilnicognitus
851 954 940 1016 unus,

169 1012 228 1076 Vel
240 1021 275 1077 tn
284 1013 333 1075 vel
344 1015 371 1075 ii
384 1015 565 1094 quieverint
577 1033 649 1076 esse
657 1023 771 1096 potest.

74 1106 107 1161 35
127 1097 790 1178 Apparentncnullatorcvestigiapresec,

166 1182 260 1260 Signa
268 1180 449 1262 voluptatis,
458 1199 518 1241 nec
528 1182 660 1241 iacuisse
672 1181 758 1244 dues.

124 1265 249 1345 Aspice,
260 1266 415 1327 ntintutu
426 1262 757 1346 nullusmihicurpore
768 1274 872 1345 urget

164 1348 299 1429 Spiritus
309 1347 442 1410 admisso
452 1353 544 1408 notus
556 1346 733 1411 adulterio!

123 1429 216 1510 Dixit,
229 1439 263 1495 et
273 1435 416 1514 opposita
424 1429 608 1512 propellens
619 1434 701 1494 sauia
712 1433 820 1495 dextra

74 1521 104 1575 to
162 1515 414 1577 Prosilitinlaxa
424 1517 495 1577 nixa
504 1515 618 1596 pedem
629 1515 722 1578 sulen.

123 1597 176 1656 Sic
188 1616 245 1675 ego
256 1602 319 1659 tam
329 1600 428 1659 sancti
439 1598 567 1659 custode
577 1597 727 1657 recludor
738 1600 864 1658 amonis:

164 1679 211 1738 Ex
221 1677 276 1739 illo
286 1677 364 1741 felin
374 1699 436 1739 nox
445 1681 520 1739 mihi
531 1679 617 1739 nulla
625 1681 694 1740 fuit.

74 1809 107 1902 8
124 1809 196 1914 lluc
213 1844 295 1927 iugis
309 1845 349 1905 ah
360 1844 510 1906 demens?
529 1845 617 1908 nulla
628 1849 773 1926 aetinga:
793 1845 912 1910 tulieet
935 1813 992 1907 30

602 1949 700 2010 nsque

161 2010 211 2073 Ad
223 2011 342 2073 Tanain
353 2011 571 2094 sapientisque
584 2021 734 2094 sequetur
744 2015 849 2077 Amor.

120 2094 191 2155 Non
201 2096 228 2154 si
237 2095 375 2174 Pegaseo
387 2099 521 2156 vecteris
531 2099 565 2156 in
577 2117 650 2158 aere
664 2097 768 2170 dorso,

161 2177 226 2239 Nec
236 2179 294 2238 tibi
305 2179 332 2241 si
341 2178 594 2241 Perseimcverit
605 2180 654 2241 ala
664 2181 775 2261 pedes,

82 2273 100 2323 5
119 2259 183 2324 Vel
193 2262 221 2320 si
231 2267 262 2321 te
274 2266 378 2326 sectae
388 2263 510 2341 rapiant
519 2261 670 2325 talaribus
681 2282 784 2342 aurae,

136 2402 145 2411 ,
161 2342 215 2405 Nil
224 2343 283 2410 tihi
292 2343 446 2403 Mercurii
454 2342 597 2422 proderit
607 2344 671 2405 alta
679 2349 738 2406 via.

118 2428 217 2488 Instat
228 2442 352 2506 semper
362 2427 458 2487 Amor
469 2444 562 2507 supra
573 2430 781 2508 caput,=instat
792 2434 903 2491 amanti

159 2511 202 2571 Et
212 2511 312 2589 gravis
323 2510 390 2590 ipse
400 2528 495 2590 super
505 2509 605 2570 libera
616 2509 699 2571 colla
709 2510 808 2574 sedet.

117 2595 257 2655 Excubat
269 2591 327 2653 ille
339 2612 410 2654 acer
421 2599 523 2658 eustos
534 2601 567 2653 et
576 2593 692 2657 tollerc
703 2614 866 2675 numquam

74 2687 100 2740 ‚0
161 2677 210 2736 Te
221 2677 357 2756 patietur
367 2677 459 2737 humo
470 2674 585 2737 lumina
595 2698 631 2739 ca
653 2685 684 2739 ta
695 2678 801 2742 semel.

117 2761 160 2821 Et
170 2761 231 2819 iam
242 2759 269 2819 si
278 2775 402 2840 pecces,
413 2757 490 2818 deus
500 2761 624 2834 exerab'
639 2762 666 2820 is
676 2759 731 2821 ille
743 2767 801 2838 eet

159 2843 193 2903 Si
204 2841 296 2903 modo
307 2843 481 2923 praesentis
490 2840 606 2904 viderit
615 2861 685 2905 esse
695 2862 816 2925 pecces.

117 2927 180 2988 Ista
192 2944 282 2988 senes
292 2926 369 2988 licet
379 2931 524 2988 accusent
535 2929 671 2989 convivia
682 2927 767 2993 duria

158 3010 222 3071 Nos
232 3009 323 3073 mede
334 3012 536 3092 propesitum,
546 3013 619 3092 vita,
629 3020 765 3075 teramus
775 3013 846 3074 iter.

74 3103 97 3156 .5
118 3091 246 3155 illerum
257 3095 390 3174 antiquis
402 3101 570 3156 onerentur
579 3095 701 3174 legibus
712 3113 819 3156 aures:

157 3178 217 3238 Hie
227 3176 313 3239 loeus
325 3183 383 3254 est,
396 3178 429 3236 in
441 3197 511 3257 quc,
521 3180 599 3239 tibia
609 3177 824 3258 doemones,

118 3261 203 3338 Quae
218 3281 279 3322 non
293 3263 361 3322 iure
372 3258 448 3321 vado
461 3260 625 3323 Maeandri
635 3263 715 3322 iacta
723 3264 847 3340 nutasti,

114 3407 117 3411 .
158 3345 277 3425 Turpia
287 3365 355 3406 eum
365 3344 485 3405 faceret
495 3343 630 3406 Palladi
642 3365 696 3407 orn
705 3351 816 3407 tumor.

113 3427 195 3491 Num
206 3430 277 3508 iam,
289 3428 375 3509 dura,
385 3446 476 3509 paras
485 3426 636 3509 Phrygias
646 3448 728 3491 nune
738 3430 786 3545 inp
797 3445 855 3508 per
866 3423 962 3509 undas
