2220 3846
321 189 688 271 mannans.

56 370 96 424 50
156 358 248 422 Unde
261 357 355 418 hodie
365 359 450 418 vicus
461 358 585 417 nomina
596 356 717 416 Tuscus
727 357 833 437 habet,

115 445 274 524 Tempore
285 460 345 521 quo
357 442 449 501 sociis
459 442 545 501 veuit
554 439 760 519 Lycomedius
772 442 864 501 armi·

155 529 260 606 Atque
271 527 384 586 Sabina
393 526 456 585 feri
467 524 609 585 contudit
621 545 708 587 arma
717 523 799 585 Tati.

112 610 189 674 Vidi
200 629 257 688 ego
268 609 410 670 labentes
422 610 504 668 acies
515 614 549 668 et
558 605 624 667 tela
635 607 760 683 caduca,

154 696 259 773 Atque
269 695 376 754 hostes
386 693 473 771 turpi
482 698 571 769 terga
582 690 706 750 dedisse
717 692 818 768 fugae.

55 786 94 840 55
116 777 181 838 Sed
191 778 296 855 facias,
311 776 414 836 divum
425 781 519 853 sator,
529 781 564 834 ut
575 774 710 834 Romana
720 793 779 854 per
791 792 898 834 aerum

155 861 310 921 Transeat
320 866 392 919 anto
403 877 487 918 meos
498 860 589 919 turba
601 865 705 936 togata
714 858 822 938 pedes.

114 943 176 1005 Sex
187 950 335 1023 superant
344 962 467 1004 versus:
486 949 530 1021 te,
542 943 595 1022 qui
607 942 646 1002 ad
655 942 828 1002 vadimonia
839 943 949 1021 curris,

152 1027 223 1088 Non
233 1047 352 1087 moror:
374 1029 452 1088 haec
463 1028 570 1107 patiis
581 1026 688 1086 ultima
698 1033 780 1086 meta
791 1027 878 1086 meia.

114 1111 219 1191 Stipes
231 1129 360 1171 acernus
372 1130 466 1190 eram,
476 1111 659 1191 properanti
669 1108 752 1169 falce
764 1102 897 1186 collatae,

59 1203 96 1258 60
156 1197 238 1255 Ante
249 1195 378 1256 Numam
389 1202 476 1273 grata
485 1212 603 1273 pauper
613 1195 646 1251 in
658 1193 736 1252 urbe
748 1192 834 1253 deus.

111 1280 154 1340 At
164 1280 233 1355 tibi,
245 1278 388 1357 Memmi,
398 1279 517 1338 formae
529 1273 666 1336 caelator
677 1277 806 1353 ahenae,

156 1361 266 1422 'l'ellus
279 1363 414 1422 artifices
425 1380 466 1421 ne
476 1366 560 1421 terat
571 1360 651 1420 Osca
661 1379 778 1438 manus,

114 1446 174 1522 Qui
184 1445 430 1506 metamdocilis
439 1446 569 1526 potuisti
579 1445 713 1505 fundere
723 1447 756 1504 iu
767 1462 850 1504 usus.

153 1529 255 1589 Unum
267 1537 412 1608 opacent,
425 1531 513 1609 operi
527 1548 590 1588 non
601 1528 692 1588 datur
702 1547 780 1587 uuus
792 1528 901 1586 honor.

71 1659 93 1751 3
109 1657 200 1751 Haeo
210 1692 366 1750 Arethusa
377 1710 431 1750 auo
443 1693 539 1750 mittit
549 1690 690 1751 mandata
700 1690 847 1768 Lycotae,

155 1776 232 1836 cum
242 1775 358 1834 totiens
370 1775 461 1851 absia
474 1775 599 1855 sipotes
610 1792 680 1834 esse
692 1792 788 1834 meus.

111 1859 146 1920 Si
158 1878 218 1937 qua
228 1865 331 1917 tamen
342 1859 400 1918 tibi
410 1856 531 1919 lecturo
542 1878 615 1938 para
627 1856 725 1917 oblita
736 1857 848 1935 deerit,

152 1943 240 2001 Haec
252 1943 314 2002 erit
324 1959 342 2000 e
352 1940 489 2001 lacrimis
499 1942 582 2001 facta
591 1940 687 2001 litura
697 1942 789 2000 meis:

75 2033 92 2085 5
113 2027 177 2086 Aut
186 2027 213 2084 si
226 2044 285 2104 qua
294 2027 416 2084 incerto
428 2022 519 2084 fallet
529 2032 562 2084 te
572 2023 680 2086 littera
691 2030 803 2100 tractu,
892 2046 901 2053 ·

154 2107 248 2186 Signa
258 2126 345 2168 meae
357 2107 485 2167 dextrae
495 2110 556 2167 iam
566 2110 727 2168 morientia
741 2112 842 2167 eruut.

113 2190 162 2252 Te
175 2190 265 2251 modo
276 2189 421 2250 viderunt
431 2193 560 2251 iteratos
570 2192 682 2252 Bactra
692 2209 751 2271 per
762 2198 858 2268 ortus,
956 2190 958 2195 ’

153 2274 202 2335 Te
212 2275 303 2335 modo
315 2277 432 2334 munito
443 2273 575 2334 Noricua
584 2276 684 2334 hostia
696 2293 787 2352 equo,
834 2336 837 2341 ,

112 2358 307 2437 Hibernique
319 2359 429 2436 Getae,
440 2359 587 2437 pictoque
597 2358 757 2417 Britannia
768 2373 871 2432 curru,
942 2427 944 2431 ἲ

57 2449 93 2503 10
154 2442 249 2503 Uetus
260 2448 293 2501 et
305 2442 371 2504 an
382 2440 519 2520 diocolor
529 2442 622 2501 Indus
634 2460 719 2520 aqua.

111 2525 239 2585 Haecne
249 2527 358 2585 marita
367 2526 447 2585 fides
459 2531 492 2585 et
501 2531 610 2604 pactae
622 2530 693 2584 runt
703 2523 779 2583 mihi
789 2526 908 2601 noctes,

154 2609 232 2669 Cum
241 2609 328 2669 rudis
338 2611 463 2687 urgenti
473 2610 600 2669 brachia
609 2610 690 2669 victa
701 2605 797 2667 dedi?

112 2691 199 2768 Quae
210 2693 286 2750 mihi
297 2692 447 2753 deductae
458 2693 510 2752 fax
521 2710 610 2752 omen
621 2689 782 2771 praetulit,
792 2687 850 2748 illa

153 2774 264 2834 Traxit
274 2775 311 2834 ab
323 2793 431 2836 ereren
441 2775 557 2836 lumina
567 2777 655 2852 nigra
665 2792 753 2851 rogo,

55 2868 90 2923 15
111 2857 154 2921 ut
165 2857 271 2941 Stygio
284 2878 351 2920 aum
361 2879 467 2940 sparsa
476 2858 556 2938 lacu,
566 2877 625 2918 nec
637 2862 724 2916 recta
734 2853 854 2935 capillis

151 2941 238 3003 Vitta
252 2941 322 3003 data
332 2949 395 3004 eat:
417 2945 508 3023 nupsi
517 2962 580 3003 non
591 2942 757 3002 comitante
768 2939 838 3000 deo.

110 3024 259 3086 Omnibus
270 3026 333 3085 heu
343 3029 443 3106 portis
453 3025 594 3107 pendent
604 3044 672 3086 mea
683 3025 773 3084 nouia
784 3028 869 3082 vota:
892 3063 893 3066 η

151 3108 283 3169 Texitur
292 3111 370 3191 iraec
381 3111 491 3170 castris
503 3117 612 3189 quarta
621 3109 747 3169 lacerna
756 3107 828 3166 tuis,

110 3190 250 3270 Occidet,
261 3193 407 3252 inmerita
418 3195 470 3272 qui
481 3195 597 3274 carpait
608 3195 645 3252 ab
656 3193 768 3251 arbore
779 3187 893 3251 vallum

45 3287 89 3342 2⁰
152 3275 195 3337 Et
207 3278 319 3336 struxit
331 3277 476 3355 querulas
485 3296 578 3337 rauca
588 3293 647 3356 per
658 3294 727 3335 orsa
738 3276 839 3351 tubae,

105 3359 238 3437 Dignior
250 3358 375 3438 obliquo
387 3360 492 3424 funem
504 3362 557 3439 qui
567 3364 712 3440 torqueat
723 3358 820 3434 Ocno,

150 3443 369 3524 Aeternacque
380 3450 464 3504 tuam
475 3451 592 3524 parcat,
604 3441 714 3520 aaelle,
725 3443 847 3502 famem.
