2220 3846
68 189 112 253 aa
366 181 728 245 arcananii

192 342 259 415 Nec
271 353 356 414 (luris
368 354 463 412 ausim
472 350 599 410 laedere
609 347 790 429 pollicibus:

101 449 135 504 25
156 438 299 500 Rusticus
311 439 388 497 hacc
400 435 509 513 aliquis
519 441 581 494 tam
591 435 693 513 turpia
703 432 825 512 proelia
836 445 981 518 quaeret,

92 569 94 572 a
196 522 290 583 Cuius
300 540 362 579 non
372 517 508 579 hederae
521 517 672 576 circuiere
684 524 784 597 caput.

156 607 295 666 Scribam
305 605 410 680 igitur,
428 600 510 682 quod
523 619 586 659 uon
596 619 738 679 umquam
748 607 802 660 tua
813 600 921 667 deleat
932 613 1024 685 aetas,

196 688 341 767 ‘Cynthia
350 687 451 746 forma
460 690 582 764 potens,
594 683 728 761 Cynthia
737 687 832 745 verba
840 683 946 754 levis?

156 770 259 833 Crede
270 771 355 848 mihi,
368 769 502 847 quamvis
514 772 690 826 contemnas
701 787 856 838 murmura
866 770 980 852 famae,

100 865 137 919 30
197 856 258 914 Hic
268 855 325 920 tibi
336 851 459 933 pallori,
471 850 614 928 Cynthia,
625 867 731 910 versus
745 853 816 914 erit.

461 990 644 998 ....-·-.-———-

113 1043 140 1134 fi
156 1039 229 1134 Non
240 1076 284 1133 ita
295 1073 490 1153 complebant
501 1074 666 1154 Ephyreae
676 1069 790 1132 Laidos
802 1071 907 1152 aedes,

196 1157 246 1218 Ad
258 1159 342 1218 cuius
353 1158 447 1217 iacuit
458 1158 589 1218 Graecia
598 1162 665 1217 tota
674 1157 771 1231 fores,

156 1243 263 1302 Turba
273 1240 484 1302 Menandreae
494 1242 597 1301 fuerat
607 1259 666 1301 nec
677 1236 815 1299 Thaidos
827 1236 904 1301 olim

198 1325 309 1403 Tanta,
321 1327 424 1403 inqua
436 1323 569 1404 populns
579 1324 655 1385 lusit
665 1324 900 1402 Erichthonius,

118 1417 135 1467 5
155 1408 231 1484 Nec,
245 1425 322 1485 quae
337 1407 458 1467 deletas
468 1410 570 1487 potuit
580 1425 766 1488 componere
777 1406 917 1486 Thebas,

196 1491 323 1568 Phryne
333 1497 395 1550 tam
406 1490 510 1552 multis
521 1491 602 1552 facta
611 1495 702 1553 beata
712 1491 796 1552 siris.

158 1573 239 1649 Quin
250 1575 342 1633 etiam
352 1571 448 1634 falsos
458 1575 548 1654 fingis
560 1576 618 1634 tibi
631 1593 723 1655 saepe
733 1573 939 1654 propinquos,

199 1655 312 1717 Oscula
322 1676 381 1717 nec
392 1657 505 1718 desunt
516 1659 568 1738 qui
580 1659 639 1717 tibi
649 1658 717 1719 iure
727 1658 841 1717 ferant.

156 1740 211 1800 Me
222 1742 364 1800 iuvenum
373 1743 474 1821 pictae
485 1743 592 1819 facies,
603 1760 653 1801 me
664 1742 787 1800 nomina
795 1737 938 1819 laedunt,

103 1831 137 1907 io
197 1823 252 1883 Me
263 1831 355 1884 tener
367 1820 497 1884 in'cunis
509 1832 542 1885 et
552 1826 619 1884 sine
630 1843 706 1884 voce
717 1842 807 1903 puer,

156 1907 210 1968 Me
221 1905 329 1986 laedit,
342 1909 368 1967 si
380 1905 476 1968 multa
485 1909 543 1969 tibi
555 1906 643 1967 dedit
654 1906 758 1969 oscula
768 1913 879 1984 mater,

197 1991 251 2050 Me
263 2011 352 2051 soror
364 1999 396 2051 et
408 2011 476 2052 cum
487 2010 565 2070 quae
578 1989 691 2052 dormit
706 1992 802 2053 amica
813 1988 923 2053 simula

157 2072 266 2132 Omnia
275 2093 324 2134 me
334 2072 479 2134 laedunt:
496 2073 621 2135 timidus
632 2094 699 2135 sum
708 2067 855 2158 (ignosce
866 2069 993 2160 timori)

132 2161 135 2166 '
195 2157 237 2216 lit
247 2158 499 2218 miserintunica
511 2160 651 2238 suspicor
661 2177 731 2220 esse
742 2159 848 2219 virum.

102 2249 135 2300 15
155 2240 214 2298 His
225 2238 308 2318 olim,
320 2246 355 2300 ut
364 2240 445 2303 fama
455 2246 514 2320 est,
525 2242 608 2301 vitiis
619 2241 658 2302 ad
669 2237 789 2322 proelia
798 2245 928 2302 ventum
939 2247 994 2318 est,

195 2323 253 2382 llis
266 2324 401 2384 Troiana
411 2322 498 2386 vides
510 2325 620 2385 funera
630 2324 799 2406 principiis.

153 2407 273 2486 Aspera
285 2409 457 2470 Centauros
468 2408 577 2469 eadem
589 2408 744 2469 dementia
752 2408 843 2468 iussit

192 2489 351 2570 Frangere
362 2495 395 2552 in
407 2492 568 2553 adversum
576 2491 688 2571 pocula
698 2491 880 2552 Pirithoum.

155 2573 218 2632 Gur
231 2573 371 2655 exempla
381 2583 485 2655 petam
496 2575 645 2636 Graium?
665 2582 701 2635 tu
712 2574 849 2635 criminis
863 2579 979 2649 auctor,

100 2663 137 2716 20
196 2656 338 2717 Nutritus
349 2657 437 2736 duro,
448 2655 590 2737 Romule,
600 2656 683 2719 lacte
693 2656 797 2738 lupae,

155 2738 205 2799 Tu
215 2760 327 2820 rapere
337 2743 468 2801 intactas
479 2742 612 2802 docuisti
622 2743 737 2823 inpune
749 2741 894 2801 Sabinas:

192 2821 298 2883 Parte
310 2845 391 2885 nunc
401 2825 516 2885 Romae
529 2823 685 2904 quidlibet
695 2823 788 2884 audet
799 2825 904 2885 Amor.

151 2902 243 2964 Felix
252 2906 379 2966 Admeti
390 2910 522 2966 coniunx
533 2914 566 2967 et
575 2907 677 2968 lcctns
687 2905 799 2984 miris,

191 2987 234 3047 iit
246 3007 455 3067 quaecumque
466 2990 525 3049 viri
536 2990 651 3051 femina
659 2991 756 3050 limen
768 2995 856 3050 amat.

96 3120 132 3171 25
155 3110 287 3192 Templa
297 3113 468 3175 Pudicitiae
478 3117 553 3197 quid
565 3138 641 3198 opus
653 3120 799 3178 statuisse
809 3112 937 3196 puellis,

193 3195 227 3255 Si
239 3198 332 3257 cuivi
343 3204 456 3279 nuptae
470 3200 625 3280 quidlibet
635 3220 706 3262 esse
715 3199 815 3262 licet?
993 3201 997 3207 '

152 3321 237 3396 Quae
248 3343 353 3386 manus
365 3329 513 3389 obscenas
525 3328 666 3409 depinxit
675 3331 777 3411 prima
786 3326 921 3390 tabellas

176 3405 231 3466 'Et
241 3410 345 3488 posuit
356 3418 440 3471 casta
450 3414 553 3493 turpia
564 3414 627 3473 visa
639 3413 740 3492 domo,
