2220 3846
160 215 205 279 so
290 190 292 196 '
458 206 821 270 reornaru

193 392 227 445 10
288 377 418 458 Semper
430 382 463 437 et
474 376 605 436 effectus
616 392 819 454 promeruere
832 375 943 440 bonos.

243 464 390 526 Forsitan
399 463 477 521 haec
491 457 555 519 illis
566 458 692 518 fuerant
703 457 846 517 mandata
856 458 1001 523 tabellis:

285 535 416 623 Irascor,
429 544 572 624 quoniam
583 561 627 620 es,
637 541 737 618 lente,
750 547 888 602 moratus
900 543 981 607 heri.

245 632 295 692 An
304 631 363 691 tibi
373 629 478 689 nescio
492 645 570 706 quae
580 627 645 686 via
656 631 704 684 est
713 625 904 685 formosior?
927 649 966 688 an
977 636 1013 690 tu

285 710 355 774 Non
365 714 447 774 bene
458 711 498 771 (le
510 711 600 770 nobis
612 710 740 769 crimina
751 711 825 769 ficta
836 711 936 770 iacis?
986 717 996 726 “

192 809 224 861 15
245 800 309 859 Aut
321 795 413 856 dixit:
434 797 541 856 venies
552 792 658 870 hodie,
671 794 859 852 cessabimus
870 811 947 855 una:

285 881 463 959 Hospitium
472 883 539 936 tota
549 882 642 935 nocte
653 878 772 955 parauit
782 876 889 954 Amor,

242 965 284 1025 Et
296 978 506 1042 quaecumque
520 958 631 1020 tlole'ns
642 960 763 1038 reperit
772 979 835 1020 non
846 959 943 1022 stulta
953 961 1063 1044 puella,

287 1045 419 1108 Garrula
430 1064 499 1105 oum
508 1042 630 1104 blandis
642 1042 756 1103 dieitur
766 1042 947 1115 hora-dolis.

243 1131 298 1194 Me
310 1132 466 1207 miserum,
480 1128 529 1188 his
542 1126 652 1205 aliquis
664 1127 817 1187 rationem
828 1128 939 1189 scribit
949 1148 1053 1192 sverm

188 1225 223 1277 20
283 1215 325 1276 lot
334 1215 423 1294 ponit
434 1213 526 1273 duras
537 1213 623 1271 inter
634 1210 859 1291 ephemeridas.

245 1299 326 1375 Quas
338 1299 365 1357 si
376 1299 445 1375 quis
456 1297 532 1355 mihi
542 1293 712 1373 rettulerit,
727 1294 894 1355 donabitur
906 1315 991 1358 auro.

285 1380 360 1456 Quis
370 1400 428 1459 pro
441 1379 556 1438 divitiis
565 1375 650 1456 ligna
660 1383 785 1438 retenta
795 1376 895 1438 velit?

244 1464 357 1543 lpuer,
372 1469 405 1522 et
416 1463 495 1521 citus
506 1462 584 1520 haec
596 1459 698 1540 aliqua
708 1480 850 1542 propone
862 1458 1013 1542 columna,

282 1547 325 1609 Et
338 1544 493 1607 dominum
503 1544 652 1623 Esquiliis
664 1547 766 1607 scribe
777 1547 919 1606 habitare
930 1553 1022 1608 tuum.

174 1680 229 1774 24
245 1677 340 1774 Falsa
351 1718 399 1774 est
410 1714 470 1772 ista
479 1719 562 1789 tuae,
577 1711 699 1789 mulier,
710 1711 824 1772 fiducia
834 1714 965 1794 formae,

285 1797 367 1858 Olim
378 1794 475 1857 oculis
487 1797 613 1855 nimium
623 1796 706 1855 facta
717 1799 850 1875 superba
861 1798 948 1858 meis.

242 1881 357 1942 Noster
369 1900 453 1941 amor
464 1877 543 1940 tales
554 1880 666 1940 tribuit
674 1881 743 1958 tibi,
756 1879 900 1960 Cynthia,
911 1879 1031 1942 laudes:

283 1966 435 2028 Versibus
445 1965 598 2042 insignem
608 1970 641 2023 te
653 1963 751 2044 pudet
761 1983 831 2024 esse
842 1966 929 2026 meis.

206 2058 223 2110 5
244 2050 373 2112 Mirtum
383 2055 416 2109 to
426 2050 510 2108 varia
520 2047 641 2107 laudavi
653 2066 745 2129 saepe
755 2050 865 2126 figura,

282 2131 336 2209 Ut,
349 2130 431 2210 quod
441 2149 506 2190 non
517 2148 613 2208 esses,
625 2150 694 2192 esse
705 2138 830 2213 putaret
840 2152 937 2211 amor,

241 2216 283 2277 Et
294 2212 382 2274 color
393 2219 442 2274 est
453 2215 568 2274 totiens
579 2234 671 2275 roseo
684 2214 814 2277 collatus
824 2216 903 2293 Eoo,

283 2299 361 2360 Cum
371 2300 430 2360 tibi
442 2299 598 2378 quaesitus
610 2299 726 2360 candor
736 2301 768 2361 in
780 2318 835 2360 ore
845 2300 948 2360 foret:
1098 2350 1100 2379 ἱ

242 2382 333 2460 Quod
343 2384 419 2444 mihi
429 2401 493 2444 non
503 2384 598 2463 patrii
608 2391 756 2464 poterant
767 2391 910 2444 avertere
923 2383 1018 2461 amici,

189 2477 223 2528 10
283 2466 400 2528 Eluere
413 2472 465 2528 aut
475 2472 560 2527 vasto
573 2466 725 2527 Thessala
737 2488 808 2548 saga
818 2469 904 2528 mari.

240 2552 327 2612 Haec
340 2571 408 2631 ego,
420 2571 483 2610 non
493 2552 591 2629 ferro,
605 2571 668 2611 non
677 2553 750 2630 igne
762 2560 896 2629 coactus,
909 2552 1016 2633 etipsa
1098 2546 1100 2561 '

281 2634 453 2714 Naufragus
465 2636 589 2713 Aegaea
600 2654 674 2695 vera
684 2637 806 2696 fatebar
818 2656 904 2716 aqua.

243 2718 415 2800 correptus
430 2738 520 2780 saevo
532 2719 667 2781 Veneris
678 2723 823 2781 torrebar
835 2723 951 2780 aheno:

281 2803 411 2865 Vinctus
423 2823 508 2864 eram
517 2821 622 2862 versas
633 2805 666 2863 in
677 2823 745 2863 mea
755 2810 845 2880 terga
856 2822 971 2865 manus.

187 2893 220 2947 15
240 2887 323 2948 Ecce
335 2893 500 2947 coronatae
510 2891 635 2963 portum
645 2887 780 2961 tetigere
792 2887 928 2966 carinae,

282 2968 446 3028 'Proiectae
458 2968 578 3045 Syrtes,
589 2985 702 3024 ancora
712 2967 793 3025 iacta
803 2967 880 3028 mihi
891 2975 949 3030 est.

239 3050 327 3111 Nunc
339 3048 461 3108 demum
471 3052 556 3107 vasto
567 3047 644 3108 fessi
656 3050 866 3129 resipiscimus
879 3060 978 3132 aestu,
1039 3102 1042 3106 .

279 3129 480 3210 Vulneraque
492 3128 531 3189 ad
542 3149 648 3192 sanum
658 3153 740 3195 nuno
751 3138 857 3197 coiere
867 3157 945 3198 mea.

238 3213 330 3275 Mens
341 3215 432 3296 bona,
444 3218 470 3277 si
483 3235 541 3296 qua
553 3213 611 3275 dea
622 3236 666 3296 es,
678 3225 731 3281 tua
742 3241 791 3282 me
802 3223 834 3281 in
847 3222 983 3282 sacraria
994 3216 1073 3279 dono.

184 3305 220 3356 20
279 3297 468 3360 Exciderant
478 3298 572 3361 surdo
584 3306 632 3363 tot
642 3323 709 3365 mea
719 3312 790 3367 vota
800 3305 873 3366 lovi.
