2220 3846
349 207 671 286 alannus.
894 211 994 299 x97

120 373 183 436 Sed
193 375 296 453 potius
307 373 413 434 mundi
425 375 521 434 Thais
530 375 669 454 pretiosa
678 376 855 457 Menandri,

81 515 83 518 .
160 459 237 519 (ium
250 458 327 517 ferit
338 464 454 517 astutos
466 460 583 519 comica
593 460 722 518 moecha
733 460 838 520 Getas.

64 549 100 604 45
119 542 155 602 ln
165 560 268 601 mores
279 542 494 610 tercrteviri:
517 543 544 601 si
556 544 788 621 canticaiactat,

90 640 97 647 ’
159 625 287 684 lcomes
297 630 331 684 et
344 643 436 684 voces
448 623 535 684 ebria
544 626 637 702 iunge
652 633 728 685 tuas.

118 708 234 768 Ianitor
245 706 283 767 ad
295 706 404 767 dantes
414 704 538 784 vigilet:
560 709 587 766 si
598 707 703 787 pulset
713 710 824 787 inanis,

161 788 280 850 Surdus
293 791 326 849 in
338 788 501 850 obductam
512 793 646 851 somniet
654 811 752 870 usque
765 812 874 853 seram.

118 872 184 933 Nec
193 874 253 932 tibi
264 871 428 952 displiceat
437 872 528 934 miles
538 893 602 934 non
611 875 711 934 factus
723 878 829 953 amori,

64 963 101 1018 50
162 955 262 1015 Nauta
271 974 330 1016 uec
343 957 449 1016 attrita
462 958 489 1016 si
499 958 582 1017 ferat
593 976 665 1017 aera
675 978 775 1035 manu,-

116 1041 319 1117 Autquorum
333 1036 441 1099 titulus
451 1059 509 1120 per
520 1042 651 1100 barbara
662 1040 742 1101 colla
751 1041 912 1122 pependit,

159 1120 278 1183 Caelati
288 1121 390 1182 medio
404 1143 472 1182 cum
483 1123 604 1184 saluere
615 1125 695 1184 foro.

118 1207 235 1265 Aurum
246 1212 396 1285 spectato,
407 1225 470 1264 non
482 1225 559 1284 quae
571 1226 677 1266 manus
689 1206 810 1266 adferat
820 1229 934 1269 aurum.

157 1288 308 1350 Versibus
320 1288 432 1348 auditis
444 1287 519 1367 quid
529 1290 590 1349 nisi
600 1292 695 1351 verba
705 1291 814 1350 feres?

63 1378 99 1432 55
121 1371 203 1448 Quid
213 1373 296 1432 iuvat
307 1379 416 1432 ornato
427 1372 613 1452 procedere,
627 1376 698 1452 vita,
713 1373 824 1454 capillo

156 1455 200 1515 Et
208 1460 319 1515 tenues
331 1457 395 1517 Coa
405 1463 491 1517 veste
502 1476 627 1517 movere
639 1459 746 1518 sinus?

118 1538 178 1614 Qui
187 1557 305 1614 versus,
316 1541 399 1598 Coae
410 1539 535 1599 dederit
545 1553 743 1601 necmunera
753 1543 858 1618 vestis,

157 1620 247 1676 istius
259 1621 317 1676 tibi
328 1622 369 1677 sit
379 1620 472 1678 surda
483 1624 549 1680 sine
562 1639 634 1680 acre
645 1621 723 1699 lyra.

115 1701 195 1760 Dum
205 1706 314 1759 vernat
324 1703 456 1778 sanguia,
469 1702 541 1760 dum
550 1705 635 1780 rugis
646 1705 770 1781 integer
781 1723 887 1783 annus,
982 1734 986 1739 -

60 1794 97 1848 60
158 1784 268 1861 Utere,
280 1801 320 1842 ne
332 1783 407 1862 qnid
419 1803 486 1843 cras
496 1783 576 1845 libet
586 1788 623 1845 ab
635 1805 690 1846 ore
702 1785 779 1849 dies.

92 1883 96 1889 '
115 1866 190 1930 Vidi
202 1885 259 1945 ego
272 1865 393 1926 odorati
404 1869 522 1928 victuro
533 1872 651 1929 rosaria
660 1871 765 1930 Paesti

158 1951 221 2009 Sub
233 1952 382 2011 matutino
395 1958 483 2011 cocta
493 1953 597 2013 iacere
606 1953 710 2016 Noto?
738 1982 746 1992 >-

115 2035 172 2094 His
185 2035 317 2093 animum
327 2040 453 2094 nostrae
466 2034 537 2094 dum
549 2045 654 2098 versat
665 2039 815 2099 Acanthis
827 2040 951 2118 amicae,

158 2118 221 2177 Per
231 2124 342 2177 tenues
354 2137 423 2177 ossa
434 2125 507 2178 sunt
515 2128 675 2181 numerata
686 2130 781 2182 cutes.

60 2210 95 2264 65
118 2199 181 2260 Sed
192 2220 266 2281 cape
277 2207 451 2279 torquatae,
466 2201 573 2263 Venus
585 2224 602 2263 o
614 2208 731 2284 regina,
744 2204 903 2267 columbae

158 2285 205 2343 oh
216 2286 360 2344 meritum
372 2291 442 2344 ante
454 2290 524 2344 tuos
536 2292 659 2363 guttura
670 2295 756 2347 secta
765 2289 861 2348 focos.

114 2366 189 2430 Vidi
201 2387 258 2447 ego
270 2387 383 2447 rugoso
393 2369 502 2426 tussim
513 2387 716 2429 concrescere
728 2367 821 2447 collo,

156 2451 313 2531 Sputaquc
323 2471 382 2532 per
395 2450 505 2511 dentes
516 2453 564 2511 irc
576 2459 704 2512 cruento
715 2470 815 2529 cavos,

114 2535 217 2613 Atque
230 2538 359 2595 animam
369 2536 403 2594 in
413 2542 534 2613 tegetes
545 2542 668 2615 putrem
676 2538 817 2616 expirare
825 2541 984 2615 paternos:

60 2625 96 2680 io
157 2619 289 2678 Horruit
299 2619 414 2698 algenti
425 2621 554 2699 pergula
565 2627 652 2680 curta
663 2621 744 2681 foco.

112 2702 271 2780 Exequiae
282 2703 407 2763 inerant
417 2705 481 2762 rari
491 2704 604 2762 furtiva
615 2702 720 2782 capilli

153 2784 285 2846 Vincula
297 2791 330 2845 ct
339 2785 613 2866 inmundo'pallida
623 2789 714 2847 mitra
725 2788 786 2846 situ
834 2803 840 2813 ·

113 2869 155 2929 Et
167 2871 249 2928 canis
260 2870 293 2928 in
305 2875 428 2930 nostros
442 2872 532 2930 nimia
544 2877 728 2950 experrecto
739 2863 873 2947 dolores,

154 2953 231 3013 Cum
241 2951 379 3013 fallenda
388 2973 457 3014 meo
468 2953 584 3035 pollice
595 2954 691 3015 clatra
699 2956 814 3016 forent.

60 3040 94 3096 75
116 3033 165 3094 Sit
174 3035 309 3097 tumulus
321 3035 412 3096 lenae
424 3045 512 3098 curto
523 3045 611 3098 vetus
624 3039 770 3118 amphora
781 3035 880 3097 collo:

152 3120 270 3198 Urgent
280 3121 362 3179 hunc
374 3139 466 3200 supra
476 3123 532 3199 vis,
544 3124 700 3201 caprifico,
714 3127 776 3181 tuo.

112 3202 258 3282 Quisquis
270 3222 361 3279 amaa,
374 3205 489 3263 scabris
500 3206 559 3263 hoc
571 3207 693 3264 bustum
705 3202 826 3263 caedito
839 3204 928 3281 sexis,

153 3287 314 3366 Mixtaque
326 3307 394 3346 cum
405 3288 484 3346 saxis
497 3287 584 3347 adice
595 3291 690 3348 verba
700 3286 787 3350 mala.

68 3534 273 3598 Puornarma.
340 3611 348 3628 ·
760 3541 777 3596 i
839 3550 842 3557 ’
