2220 3846
296 214 488 278 staur
530 219 728 300 111,r,o‚9.
950 228 991 295 ar

160 385 317 445 Formosis
331 385 439 447 levitas
451 405 574 466 semper
586 391 682 448 amica
693 391 762 452 fuit.

119 469 273 529 Barbarus
285 472 420 530 excussis
432 473 526 548 agitat
538 474 669 550 vestigia
680 472 792 534 lumbis

158 553 201 613 Et
211 555 311 613 subito
323 553 398 614 felix
408 574 489 614 nunc
500 573 569 614 mea
579 575 675 633 regua
685 564 784 619 tenet.

119 638 233 717 Aspice
245 637 319 715 quid
330 637 420 697 donis
430 637 583 715 Eriphyla
592 640 710 699 invenit
722 646 842 722 amaris,

63 729 99 782 30
161 721 285 780 Arserit
295 727 328 780 et
342 722 464 798 quantis
475 728 569 800 nupta
579 722 697 784 creusa
708 724 804 789 molis.

121 802 254 864 Nullane
266 802 387 863 sedabit
398 810 520 863 nostros
531 805 643 864 inimic
653 808 768 867 iletus?

159 889 209 947 An
223 885 312 946 dolor
323 887 373 946 hic
385 888 468 946 vitiis
478 890 578 948 nescit
589 891 698 950 abesse
710 893 794 952 tuis?

117 971 182 1030 Tot
193 971 253 1029 iam
264 972 368 1031 abiere
380 970 457 1049 dies,
473 992 540 1031 cum
554 991 603 1032 me
614 993 673 1034 nec
684 996 757 1036 cura
767 977 883 1038 theatri

111 1053 115 1061 '
156 1053 222 1114 Nec
234 1056 337 1133 tetigit
346 1056 464 1134 Campi,
476 1074 536 1115 nee
549 1076 618 1117 mea
628 1057 719 1118 Musa
728 1060 819 1121 iuvat.

62 1145 95 1198 35
118 1139 160 1197 At
170 1138 285 1217 pudeat
297 1146 394 1215 certe,
407 1139 539 1218 pudeat;
558 1142 619 1199 nisi
629 1141 819 1220 forte‚'quod
831 1144 925 1222 aiunt,

10 1270 13 1287 ,
157 1222 272 1302 Turpis
284 1243 368 1302 umor
380 1222 481 1282 surdis
493 1225 616 1282 auribus
629 1241 698 1284 csse
710 1222 822 1286 solet'

10 1312 13 1327 '
116 1306 218 1366 Cerne
231 1306 349 1383 ducem,
362 1305 453 1365 modo
465 1308 518 1385 qui
528 1307 656 1367 fremitu
667 1307 831 1390 complevit
841 1310 925 1370 inani

42 1446 45 1453 .
156 1391 245 1450 Actia
256 1390 406 1450 damnatis
418 1409 552 1469 aequora
562 1391 720 1453 militibus.

114 1473 205 1533 Hunc
218 1476 339 1534 infamis
351 1495 435 1534 amor
445 1477 544 1534 versis
555 1475 630 1535 dare
642 1481 731 1553 terga
742 1478 854 1536 carinis

58 1564 93 1620 to
156 1557 247 1616 lussit
259 1565 291 1616 et
304 1565 441 1618 extremo
455 1577 607 1636 quaerere
616 1560 741 1617 in'orbe
751 1559 863 1636 fugam.

112 1641 255 1700 Caesari
268 1640 344 1699 haee
355 1643 451 1699 virtus
466 1647 498 1698 et
509 1640 606 1716 gloria
617 1640 759 1699 caeseris
770 1641 846 1700 haec
858 1647 921 1700 est:

153 1721 218 1799 llla,
234 1740 292 1800 qua
302 1723 385 1799 vicit,
398 1719 537 1780 condidit
548 1741 631 1780 arma
642 1741 742 1784 mauu.

111 1805 981 1887 Scdquascumquetibivestes‚quoscumquesmaragdo's,

38 1938 49 1957 „
152 1892 274 1967 Quosve
287 1889 375 1949 dedit
385 1887 463 1949 flavo
471 1888 590 1949 lumine
602 1888 820 1969 chrysolithos,
990 1960 993 1965 y

54 1983 89 2038 45
112 1974 197 2034 llaec
208 1973 327 2033 videam
339 1973 462 2053 rapidas
473 1974 624 2033 invasum
635 1972 897 2053 ferreprocellas,

153 2059 237 2134 Quae
248 2059 306 2117 tibi
318 2064 413 2134 terra,
424 2056 527 2135 velim,
540 2075 618 2136 quae
629 2058 687 2116 tibi
697 2059 751 2117 fiat
763 2078 848 2136 aqua.

109 2140 179 2202 Nou
192 2160 314 2221 semper
325 2141 463 2221 placidus
473 2143 617 2220 periuros
628 2141 712 2201 ridet
722 2148 858 2202 amantes

152 2224 289 2303 luppiter
300 2233 333 2283 et
345 2224 438 2284 surda
447 2224 579 2303 negligit
589 2244 663 2284 aure
673 2244 795 2304 preces.

107 2306 240 2372 Vidistis
249 2314 316 2365 toto
329 2309 446 2365 sonitus
457 2326 644 2385 percurrere
656 2307 741 2368 caelo

54 2402 91 2454 50
151 2389 355 2467 Fulminaque
366 2390 505 2449 aetheria
516 2389 680 2449 desiluisse
693 2388 812 2453 domos.

106 2475 176 2537 Non
188 2475 265 2533 haec
276 2473 422 2534 Pleiades
433 2475 551 2533 faciunt
560 2491 665 2552 neque
676 2492 807 2551 aquosus
819 2472 927 2551 Orion,

149 2558 214 2617 Nec
227 2560 271 2617 sic
284 2557 326 2617 de¹
335 2556 435 2618 nihilo
446 2556 586 2617 fulminis
597 2559 645 2618 ira
657 2556 754 2616 eadit:

107 2643 254 2701 Periuras
266 2648 339 2701 tunc
350 2640 406 2700 ille
417 2640 499 2700 solet
508 2643 620 2720 punire
631 2638 763 2719 puellas,

149 2725 306 2804 Deceptus
318 2726 459 2803 quonium
469 2726 557 2783 ssevit
570 2725 680 2803 etipse
692 2723 777 2783 deus.

52 2817 88 2872 55
112 2810 214 2886 Quare
226 2827 267 2867 ne
279 2809 336 2867 tibi
348 2809 389 2867 sit
400 2810 478 2867 tanti
489 2806 617 2867 Sidonia
626 2807 732 2884 vestis,

102 2909 108 2920 ·
148 2893 192 2953 Ut
202 2893 320 2968 timeas,
334 2894 477 2972 quotiens
489 2890 613 2951 nubilus
624 2891 739 2950 Auster
750 2890 820 2953 erit.

58 3021 240 3119 llllentiri
251 3066 384 3134 noctem,
397 3059 558 3137 premiis
571 3057 686 3117 ducere
698 3062 858 3132 amantem,
922 3020 977 3113 ll
1054 3139 1057 3142 ἢ

148 3143 217 3202 Hoc
228 3145 289 3203 erit
301 3143 432 3201 infectas
444 3143 591 3220 sauguine
603 3142 720 3200 habere
732 3157 847 3202 manus.

105 3227 226 3287 Horum
238 3246 295 3305 ego
308 3246 374 3285 sum
385 3231 480 3301 vates,
493 3225 637 3302 quotiens
650 3223 795 3283 desertus
807 3240 924 3284 amaras

145 3311 276 3389 Explevi
287 3316 405 3383 noctes,
419 3308 537 3367 fruetus
548 3313 682 3385 utroque
694 3313 773 3368 toro.

61 3404 82 3457 5
104 3393 169 3458 Vel
181 3401 215 3453 tu
227 3391 378 3453 'Pantclea
389 3408 531 3450 moveare
543 3389 582 3449 ad
592 3391 717 3450 flumina
728 3395 826 3465 sorte,

148 3477 192 3539 Ut
201 3477 305 3556 liquor
316 3476 416 3536 arenti
428 3473 514 3533 fallat
527 3476 564 3534 ab
577 3492 633 3534 ore
644 3474 738 3548 sitim,
