2220 3846
200 183 807 264 ilssssnltmstnm.ffiu
942 185 984 251 ὥ

41 403 97 498 25
113 400 212 497 Risus
224 453 308 496 eram
321 433 432 514 positis
442 435 526 494 iuter
537 435 675 494 convivia
686 437 811 514 mensis,
914 506 917 512 Ι

150 521 193 582 ut
205 518 244 580 tle
256 537 304 578 me
315 522 439 598 poterat
453 515 585 595 quilibet
595 537 665 578 esse
676 517 797 598 loquax.

113 604 256 683 Quinque
266 603 325 663 tibi
335 601 423 682 potui
433 602 551 660 servire
561 600 700 662 fideliter
714 621 826 662 annos·

151 687 262 765 Ungue
273 704 373 746 meam
383 703 507 743 morso
498 702 590 763 saepe
605 704 738 764 querere
749 684 853 746 fidem

72 779 89 832 5
110 769 163 830 Nil
174 767 526 863 moveorlacrimis,'1sta
537 787 602 828 sum
615 778 720 847 captus
733 771 769 829 ob
782 775 865 830 arte·

153 834 284 932 Semper
296 853 332 910 ab
344 848 476 927 insidiis,
488 850 631 930 Cynthia,
642 854 721 912 flere
733 852 824 913 soles.
912 888 923 896 -

110 936 211 998 Flebo
225 954 283 1015 ego
295 932 470 1010 discedens,
482 933 538 995 sed
549 936 675 996 fletum
666 937 779 997 rniuria
789 938 908 997 vincet.

154 1020 205 1081 'lu
216 1021 296 1081 benc
307 1018 494 1078 conveniens
505 1038 568 1078 non
580 1020 655 1079 sinis
666 1021 734 1079 ire
725 1039 837 1098 rugum.

110 1102 230 1164 Limina
240 1106 300 1163 iam
310 1102 426 1163 nostris
437 1100 560 1161 valeant
570 1100 764 1163 lacrimantia
773 1103 887 1181 verbis,

57 1195 92 1248 lo
152 1188 217 1248 Nec
225 1187 421 1247 tameuiratu
430 1186 521 1243 ianua
529 1184 628 1244 fracta
638 1205 738 1246 manu.

110 1271 153 1331 At
163 1276 196 1330 te
208 1269 317 1332 celatis
328 1273 413 1328 aetas
424 1269 524 1347 gravis
535 1274 645 1346 urgeat
656 1270 755 1348 annis,

150 1355 193 1415 Et
201 1355 305 1415 veniat
315 1353 434 1412 formae
445 1371 521 1430 ruga
532 1352 658 1413 sinistra
667 1359 749 1414 tuae.

110 1436 242 1501 Vellere
252 1445 317 1499 tum
329 1437 433 1515 cupias
444 1435 530 1496 albos
541 1456 559 1495 a
569 1437 668 1516 stirpe
680 1436 808 1518 capillos

148 1521 338 1601 Ahspeculo
348 1538 440 1596 rugas
451 1521 659 1599 increpitante
671 1522 739 1597 tibi,
942 1595 945 1601 ,

60 1613 89 1667 15
111 1602 246 1665 Exclusa
258 1605 352 1679 inque
363 1604 463 1660 vicem
472 1603 570 1660 fastus
580 1603 701 1679 patiare
712 1603 873 1681 superbos,

151 1687 193 1746 Et
205 1703 282 1764 quae
293 1684 408 1758 fecisti,
419 1683 502 1740 facta
513 1684 653 1759 queraris
664 1702 747 1745 anus.

108 1771 174 1832 Has
185 1769 243 1828 tibi
257 1765 361 1827 fatalis
373 1764 487 1824 cecinit
497 1783 565 1824 mea
575 1766 685 1844 pagina
696 1766 788 1828 diras.

150 1855 304 1915 Eventum
313 1853 432 1912 formae
443 1847 528 1909 disce
539 1849 651 1909 timere
662 1857 743 1911 tuae.

142 2027 935 2192 ιιιιιιιιῖιιιιιιι

333 2252 673 2334 inuolutum
764 2262 767 2270 '

235 2395 774 2472 u1ounou1nnos.
941 2393 982 2455 ιν

69 2567 92 2660 l
110 2562 192 2677 lloc,
206 2598 419 2678 quodcumque
429 2598 527 2677 vides,
543 2601 667 2680 hospes,
680 2617 740 2678 qua
749 2595 878 2658 maxima
886 2593 982 2658 Roma

593 2689 653 2761 est,

150 2766 234 2825 Ante
244 2765 401 2859 Phrygem
410 2767 539 2826 Aenean
550 2764 639 2826 collis
651 2773 684 2826 et
694 2765 792 2825 herba
801 2763 878 2825 fuit.

112 2850 216 2927 Atque
226 2851 280 2909 ub1
283 2841 396 2910 Navali
407 2857 489 2911 stant
500 2869 587 2909 sacra
596 2848 715 2910 Palatua
724 2849 865 2925 Phoebo,

152 2931 290 2993 Euandri
300 2935 451 3013 profugae
464 2934 659 2994 concubuere
670 2935 773 2992 boves.

72 3024 91 3079 5
110 3015 273 3077 Fictilibus
285 3036 413 3078 crevere
425 3017 492 3078 deis
504 3018 582 3079 haec
594 3036 687 3078 aurea
697 3013 825 3095 templa,

152 3100 218 3160 Nec
228 3101 289 3161 fuit
299 3103 467 3181 opprobrio
478 3102 560 3162 iacta
571 3103 638 3161 siue
649 3105 719 3160 arte
731 3119 810 3177 casa,

112 3183 328 3264 Tarpeiusque
339 3189 429 3263 pater
439 3183 522 3244 nuda
533 3183 573 3243 de
584 3201 662 3263 rupe
673 3182 810 3261 tonabat,

152 3268 195 3329 Et
205 3267 331 3327 Tiberis
342 3268 458 3328 nostris
469 3267 586 3328 advena
595 3269 695 3328 bubus
707 3273 785 3328 erat.
1000 3301 1009 3325 ·.

112 3352 180 3428 Quo
193 3350 337 3430 gradibus
349 3350 457 3411 domus
466 3351 526 3411 ista
535 3352 626 3411 Remi
636 3368 670 3410 se
682 3347 817 3426 sustulit,
831 3345 905 3407 olim
987 3388 1008 3423 0

50 3444 91 3501 10
152 3433 239 3496 Unus
251 3441 319 3496 crat
327 3435 458 3495 fratrum
468 3436 596 3496 maxima
606 3452 704 3514 regua
714 3433 810 3492 focus.
