2220 3846
281 193 473 256 LIBER
512 193 758 274 lv,10‚11,12.
953 195 994 262 73

125 363 345 442 Nigrautisque
356 360 462 421 domos
473 361 640 420 animarum
650 361 782 421 intrasse
794 361 948 444 silentum,

169 447 312 506 Sirenum
323 443 416 505 surdo
427 446 544 523 remige
557 442 658 504 adisse
668 442 764 521 lacus,

75 534 106 593 35
126 531 169 592 Et
179 536 302 611 ueteres
314 548 402 589 arcus
412 526 478 588 leto
490 543 655 588 renovasse
668 545 843 607 procorum,
959 523 963 530 '

166 613 354 693 Elrrorisque
366 614 413 673 sui
425 613 469 671 sio
481 612 625 670 statuisse
636 608 767 669 modurn.

126 697 191 756 Neo
203 698 329 774 frustra,
342 697 413 775 quia
424 700 507 754 easta
519 692 601 752 domi
611 692 795 771 persederet
805 712 890 757 uxor.

165 780 272 843 Vincit
281 779 457 857 Penelopes
467 775 558 838 Aelia
569 773 659 838 Galla
668 775 770 869 filem.

81 910 296 1023 zllnaeritis,
307 944 389 1005 unde
401 944 496 1005 avidis
506 958 567 1004 nox
577 944 618 1003 sit
627 944 765 1023 pretiosa
774 940 898 1023 puellis,
938 906 991 1000 l3
1062 996 1075 1016 ‚4

165 1030 208 1088 Et
217 1029 343 1090 Venere
354 1030 518 1089 exhaustae
531 1026 639 1087 damna
650 1033 820 1105 querantur
831 1043 915 1103 opes.

125 1112 220 1172 Certe
232 1111 356 1191 quidem
366 1114 460 1173 tantis
471 1130 561 1171 causa
571 1117 604 1170 et
614 1111 777 1169 manifesta
785 1109 900 1168 ruinisr

164 1195 316 1254 Luxuriae
325 1197 451 1254 nimium
461 1192 563 1253 libera
572 1193 654 1252 foeta
665 1193 714 1251 via
725 1197 782 1252 est.

89 1284 106 1336 5
125 1278 200 1338 Inda
212 1280 292 1338 cavis
304 1298 409 1337 aurum
418 1277 515 1336 mittit
525 1276 654 1335 formica
664 1273 810 1353 metallis,

165 1362 206 1423 Et
215 1362 300 1421 venit
312 1380 329 1421 e
341 1363 434 1420 rubro
447 1361 564 1420 concha
573 1360 708 1437 Erycino
719 1358 794 1434 salo,

123 1444 165 1503 Et
177 1443 279 1522 Tyrus
290 1447 424 1504 ostrinos
434 1446 566 1523 praebet
576 1441 711 1503 Cadmea
722 1442 855 1518 colores,

167 1524 833 1605 GinnamonetmultipastorodorisArabs.

122 1608 210 1668 Haec
222 1610 314 1665 etiam
326 1608 444 1667 clausas
455 1613 629 1685 expugnant
640 1626 724 1666 arma
733 1603 871 1684 pudicas,

78 1695 105 1750 1o
168 1689 316 1767 Quaeque
328 1689 557 1766 gerontinum,
572 1689 708 1764 Icarioti‚
719 1694 805 1747 tuos:

122 1772 268 1834 Matrona
278 1770 397 1832 incedit
408 1790 517 1830 oenus
527 1769 635 1831 induta
644 1776 791 1850 nepotum

162 1855 206 1914 Et
216 1853 317 1935 spolia
327 1855 488 1935 opprobrii
498 1859 604 1915 nostra
614 1873 672 1934 per
684 1873 739 1914 ora
749 1855 854 1915 trahit.

123 1936 215 1999 Nulla
226 1945 275 1998 et
284 1938 444 2018 poscendi,
455 1936 543 1999 nulla
554 1944 603 1998 est
613 1938 790 1999 reverentia
801 1935 904 2015 dandi,

163 2022 227 2081 Aut
239 2023 265 2081 si
278 2038 336 2101 qno
347 2028 406 2100 est,
419 2023 523 2102 pretio
533 2020 656 2082 tollitur
668 2023 736 2100 ipsa
745 2040 840 2082 mora,

74 2105 105 2161 15
123 2102 214 2165 Felix
222 2106 297 2166 Eois
307 2106 359 2166 lex
370 2106 490 2166 funeris
500 2125 561 2165 una
571 2107 700 2181 maritis,

166 2188 249 2264 Quos
259 2191 380 2249 Aurora
391 2190 455 2257 ιιὴ
466 2190 561 2249 rubra
572 2187 690 2248 colorat
701 2189 799 2265 equi.

121 2269 259 2350 Namque
269 2273 320 2332 ubi
331 2272 494 2331 mortifero
506 2273 588 2330 iaota
598 2276 647 2330 est
656 2271 708 2329 far
717 2269 826 2330 ultima
834 2267 929 2346 lecto,

150 2355 299 2414 ‘Uxorum
309 2354 386 2413 fusis
398 2359 459 2413 stet
469 2355 521 2432 pia
529 2354 621 2412 turba
631 2353 737 2428 comis,

120 2436 162 2496 ut
173 2443 330 2497 certamen
340 2438 457 2498 hebent
467 2435 536 2513 leti,
548 2453 626 2515 quae
638 2436 705 2494 viva
716 2440 864 2513 sequatur

73 2515 106 2578 ἕο
164 2521 361 2598 Coniugium:
383 2518 484 2601 pudor
496 2525 619 2579 estnon
627 2516 755 2578 licuisse
766 2517 854 2578 mori.

121 2603 244 2664 Ardent
254 2605 398 2664 victrices
409 2610 442 2664 et
452 2605 591 2663 flammae
601 2608 730 2681 pectora
740 2602 902 2682 praebent,

161 2687 377 2766 lnponuntque
388 2687 451 2746 suis
462 2706 517 2746 ora
526 2690 655 2764 perusta
664 2685 749 2745 viris.
844 2756 847 2762 ¹

121 2769 182 2831 Hie
193 2788 290 2849 genus
301 2768 428 2829 infidum
437 2774 611 2853 nuptarum,
626 2768 677 2826 hic
688 2763 775 2825 nulla
786 2763 890 2845 puella

159 2852 225 2913 Nec
236 2852 298 2913 fida
307 2851 435 2913 Euadne
445 2871 503 2913 nec
514 2853 566 2932 pia
575 2846 744 2929 Penelope.

73 2933 103 2995 t5
121 2934 213 2996 Felix
224 2942 378 3015 agrestum
389 2935 541 3016 quondam
552 2934 823 3015 pacateiuventus‚

160 3021 293 3081 Divitiae
305 3040 434 3099 quorum
444 3020 553 3080 messis
565 3025 598 3077 et
610 3019 702 3076 arbor
713 3022 811 3076 erant.

120 3100 185 3162 lllls
196 3122 304 3164 munus
318 3109 386 3163 erat
397 3101 525 3162 decussa
536 3100 675 3180 Cydonia
685 3118 770 3158 ramo

161 3185 204 3247 nt
215 3186 289 3245 dare
300 3187 439 3266 puniceis
452 3184 544 3264 plena
555 3184 689 3243 canistra
700 3182 797 3258 rubis,
843 3222 847 3228 -

119 3267 208 3329 Nune
219 3267 316 3329 violas
327 3267 459 3328 tondere
469 3287 570 3344 manu,
581 3285 662 3326 nuno
673 3265 766 3324 mixta
776 3263 899 3324 referre

72 3350 103 3411 lo
164 3349 245 3412 Lilia
255 3353 410 3430 virgineo
420 3348 522 3410 lueida
532 3369 590 3430 per
602 3347 750 3425 calathos,

119 3435 162 3498 Et
171 3441 298 3516 portare
310 3437 373 3496 suis
382 3436 510 3516 vestitas
520 3432 683 3492 frondibus
693 3449 766 3490 uvas
