<?xml version="1.0" encoding="UTF-8"?>
<!DOCTYPE html PUBLIC "-//W3C//DTD XHTML 1.0 Transitional//EN"
    "http://www.w3.org/TR/xhtml1/DTD/xhtml1-transitional.dtd">
<html xmlns="http://www.w3.org/1999/xhtml" xml:lang="en" lang="en">
 <head>
  <title>
</title>
<meta http-equiv="Content-Type" content="text/html;charset=utf-8" />
  <meta name='ocr-system' content='tesseract 3.04.00' />
  <meta name='ocr-capabilities' content='ocr_page ocr_carea ocr_par ocr_line ocrx_word'/>
</head>
<body>
  <div class='ocr_page' id='page_1' title='image "./elegiae00propgoog_0010.png"; bbox 0 0 2220 3846; ppageno 0'>
   <div class='ocr_carea' id='block_1_1' title="bbox 272 562 797 660">
    <p class='ocr_par' dir='ltr' id='par_1_1' title="bbox 272 562 797 660">
     <span class='ocr_line' id='line_1_1' title="bbox 272 562 797 660; baseline -0.006 0"><span class='ocrx_word' id='word_1_1' title='bbox 272 562 797 660; x_wconf 71' lang='lat' dir='ltr'><strong>intinniit).</strong></span> 
     </span>
    </p>
   </div>
   <div class='ocr_carea' id='block_1_2' title="bbox 428 794 624 804">
    <p class='ocr_par' dir='ltr' id='par_1_2' title="bbox 428 794 624 804">
     <span class='ocr_line' id='line_1_2' title="bbox 428 794 624 804; baseline -0.015 0"><span class='ocrx_word' id='word_1_2' title='bbox 428 794 624 804; x_wconf 78' lang='lat'>.....-..——--</span> 
     </span>
    </p>
   </div>
   <div class='ocr_carea' id='block_1_3' title="bbox 56 951 1015 1488">
    <p class='ocr_par' dir='ltr' id='par_1_3' title="bbox 56 951 1015 1488">
     <span class='ocr_line' id='line_1_3' title="bbox 59 951 1013 1066; baseline -0.007 -19"><span class='ocrx_word' id='word_1_3' title='bbox 59 951 161 1056; x_wconf 67' lang='lat' dir='ltr'><strong>(duam</strong></span> <span class='ocrx_word' id='word_1_4' title='bbox 181 988 332 1048; x_wconf 90' lang='lat' dir='ltr'><strong>rationem</strong></span> <span class='ocrx_word' id='word_1_5' title='bbox 352 987 385 1046; x_wconf 90' lang='lat' dir='ltr'><strong>in</strong></span> <span class='ocrx_word' id='word_1_6' title='bbox 405 987 462 1046; x_wconf 87' lang='lat' dir='ltr'><strong>hac</strong></span> <span class='ocrx_word' id='word_1_7' title='bbox 482 985 642 1066; x_wconf 85' lang='lat' dir='ltr'><strong>Propertii</strong></span> <span class='ocrx_word' id='word_1_8' title='bbox 662 983 800 1046; x_wconf 85' lang='lat' dir='ltr'><strong>editione</strong></span> <span class='ocrx_word' id='word_1_9' title='bbox 823 990 875 1043; x_wconf 89' lang='lat' dir='ltr'><strong>aut</strong></span> <span class='ocrx_word' id='word_1_10' title='bbox 889 987 1013 1043; x_wconf 91' lang='lat' dir='ltr'><strong>secutus</strong></span> 
     </span>
     <span class='ocr_line' id='line_1_4' title="bbox 57 1064 1013 1152; baseline -0.007 -20"><span class='ocrx_word' id='word_1_11' title='bbox 57 1072 117 1132; x_wconf 87' lang='lat' dir='ltr'><strong>sim</strong></span> <span class='ocrx_word' id='word_1_12' title='bbox 143 1076 195 1130; x_wconf 86' lang='lat' dir='ltr'><strong>aut</strong></span> <span class='ocrx_word' id='word_1_13' title='bbox 222 1074 311 1152; x_wconf 91' lang='lat' dir='ltr'><strong>sequi</strong></span> <span class='ocrx_word' id='word_1_14' title='bbox 334 1069 512 1147; x_wconf 81' lang='lat' dir='ltr'><strong>debuerim,</strong></span> <span class='ocrx_word' id='word_1_15' title='bbox 540 1088 596 1129; x_wconf 84' lang='lat' dir='ltr'><strong>eos</strong></span> <span class='ocrx_word' id='word_1_16' title='bbox 617 1088 747 1147; x_wconf 87' lang='lat' dir='ltr'><strong>quorum</strong></span> <span class='ocrx_word' id='word_1_17' title='bbox 766 1071 900 1128; x_wconf 89' lang='lat' dir='ltr'><strong>interest</strong></span> <span class='ocrx_word' id='word_1_18' title='bbox 920 1064 1013 1125; x_wconf 83' lang='lat' dir='ltr'><strong>facile</strong></span> 
     </span>
     <span class='ocr_line' id='line_1_5' title="bbox 56 1149 1014 1232; baseline -0.006 -17"><span class='ocrx_word' id='word_1_19' title='bbox 56 1152 273 1216; x_wconf 80' lang='lat' dir='ltr'><strong>intellecturos</strong></span> <span class='ocrx_word' id='word_1_20' title='bbox 301 1173 370 1215; x_wconf 89' lang='lat' dir='ltr'><strong>esse</strong></span> <span class='ocrx_word' id='word_1_21' title='bbox 395 1155 546 1215; x_wconf 79' lang='lat' dir='ltr'><strong>existimo.</strong></span> <span class='ocrx_word' id='word_1_22' title='bbox 577 1171 672 1232; x_wconf 89' lang='lat' dir='ltr'><strong>quare</strong></span> <span class='ocrx_word' id='word_1_23' title='bbox 693 1153 754 1212; x_wconf 92' lang='lat' dir='ltr'><strong>hoc</strong></span> <span class='ocrx_word' id='word_1_24' title='bbox 774 1149 938 1232; x_wconf 75' lang='lat' dir='ltr'><strong>praefandi</strong></span> <span class='ocrx_word' id='word_1_25' title='bbox 957 1169 1014 1210; x_wconf 90' lang='lat' dir='ltr'><strong>ne-</strong></span> 
     </span>
     <span class='ocr_line' id='line_1_6' title="bbox 60 1233 1014 1320; baseline -0.004 -22"><span class='ocrx_word' id='word_1_26' title='bbox 60 1239 145 1317; x_wconf 83' lang='lat' dir='ltr'><strong>gotio</strong></span> <span class='ocrx_word' id='word_1_27' title='bbox 173 1240 249 1300; x_wconf 89' lang='lat' dir='ltr'><strong>mihi</strong></span> <span class='ocrx_word' id='word_1_28' title='bbox 275 1237 403 1300; x_wconf 86' lang='lat' dir='ltr'><strong>videbar</strong></span> <span class='ocrx_word' id='word_1_29' title='bbox 430 1237 638 1320; x_wconf 85' lang='lat' dir='ltr'><strong>supersedere</strong></span> <span class='ocrx_word' id='word_1_30' title='bbox 664 1255 773 1316; x_wconf 89' lang='lat' dir='ltr'><strong>posse,</strong></span> <span class='ocrx_word' id='word_1_31' title='bbox 805 1237 866 1296; x_wconf 91' lang='lat' dir='ltr'><strong>nisi</strong></span> <span class='ocrx_word' id='word_1_32' title='bbox 894 1233 928 1295; x_wconf 93' lang='lat' dir='ltr'><strong>id</strong></span> <span class='ocrx_word' id='word_1_33' title='bbox 952 1236 1014 1294; x_wconf 87' lang='lat' dir='ltr'><strong>suis</strong></span> 
     </span>
     <span class='ocr_line' id='line_1_7' title="bbox 56 1318 1013 1401; baseline -0.004 -19"><span class='ocrx_word' id='word_1_34' title='bbox 56 1323 228 1384; x_wconf 85' lang='lat' dir='ltr'><strong>rationibus</strong></span> <span class='ocrx_word' id='word_1_35' title='bbox 248 1321 327 1384; x_wconf 89' lang='lat' dir='ltr'><strong>utile</strong></span> <span class='ocrx_word' id='word_1_36' title='bbox 349 1341 419 1384; x_wconf 86' lang='lat' dir='ltr'><strong>esse</strong></span> <span class='ocrx_word' id='word_1_37' title='bbox 441 1322 628 1383; x_wconf 79' lang='lat' dir='ltr'><strong>credidisset</strong></span> <span class='ocrx_word' id='word_1_38' title='bbox 648 1318 827 1401; x_wconf 92' lang='lat' dir='ltr'><strong>bibliopola.</strong></span> <span class='ocrx_word' id='word_1_39' title='bbox 863 1318 903 1380; x_wconf 93' lang='lat' dir='ltr'><strong>de</strong></span> <span class='ocrx_word' id='word_1_40' title='bbox 927 1320 1013 1378; x_wconf 88' lang='lat' dir='ltr'><strong>cuius</strong></span> 
     </span>
     <span class='ocr_line' id='line_1_8' title="bbox 58 1403 1015 1488; baseline -0.005 -21"><span class='ocrx_word' id='word_1_41' title='bbox 58 1406 217 1467; x_wconf 92' lang='lat' dir='ltr'><strong>commodo</strong></span> <span class='ocrx_word' id='word_1_42' title='bbox 238 1427 278 1468; x_wconf 92' lang='lat' dir='ltr'><strong>ne</strong></span> <span class='ocrx_word' id='word_1_43' title='bbox 300 1407 376 1488; x_wconf 90' lang='lat' dir='ltr'><strong>quid</strong></span> <span class='ocrx_word' id='word_1_44' title='bbox 395 1409 480 1467; x_wconf 90' lang='lat' dir='ltr'><strong>forte</strong></span> <span class='ocrx_word' id='word_1_45' title='bbox 501 1425 559 1487; x_wconf 90' lang='lat' dir='ltr'><strong>per</strong></span> <span class='ocrx_word' id='word_1_46' title='bbox 580 1425 630 1467; x_wconf 90' lang='lat' dir='ltr'><strong>mc</strong></span> <span class='ocrx_word' id='word_1_47' title='bbox 652 1404 890 1481; x_wconf 79' lang='lat' dir='ltr'><strong>detraheretur,</strong></span> <span class='ocrx_word' id='word_1_48' title='bbox 909 1403 1015 1483; x_wconf 82' lang='lat' dir='ltr'><strong>paucis</strong></span> 
     </span>
    </p>
   </div>
   <div class='ocr_carea' id='block_1_4' title="bbox 56 1490 1016 1650">
    <p class='ocr_par' dir='ltr' id='par_1_4' title="bbox 56 1490 1016 1650">
     <span class='ocr_line' id='line_1_9' title="bbox 56 1490 482 1561; baseline 0.002 -11"><span class='ocrx_word' id='word_1_49' title='bbox 56 1507 126 1550; x_wconf 87' lang='lat' dir='ltr'><strong>rem</strong></span> <span class='ocrx_word' id='word_1_50' title='bbox 146 1490 284 1552; x_wconf 85' lang='lat' dir='ltr'><strong>indicare</strong></span> <span class='ocrx_word' id='word_1_51' title='bbox 304 1493 403 1552; x_wconf 81' lang='lat' dir='ltr'><strong>visum</strong></span> <span class='ocrx_word' id='word_1_52' title='bbox 424 1496 482 1561; x_wconf 83' lang='lat' dir='ltr'><strong>est.</strong></span> 
     </span>
     <span class='ocr_line' id='line_1_10' title="bbox 144 1566 1016 1650; baseline -0.007 -17"><span class='ocrx_word' id='word_1_53' title='bbox 144 1575 273 1634; x_wconf 79' lang='lat' dir='ltr'><strong>Constat</strong></span> <span class='ocrx_word' id='word_1_54' title='bbox 304 1580 406 1633; x_wconf 88' lang='lat' dir='ltr'><strong>autem</strong></span> <span class='ocrx_word' id='word_1_55' title='bbox 437 1572 599 1650; x_wconf 86' lang='lat' dir='ltr'><strong>Propertii</strong></span> <span class='ocrx_word' id='word_1_56' title='bbox 624 1570 759 1628; x_wconf 86' lang='lat' dir='ltr'><strong>carmina</strong></span> <span class='ocrx_word' id='word_1_57' title='bbox 785 1566 891 1635; x_wconf 81' lang='lat' dir='ltr'><strong>Caroli</strong></span> <span class='ocrx_word' id='word_1_58' title='bbox 916 1567 1016 1628; x_wconf 86' lang='lat' dir='ltr'><strong>Lach-</strong></span> 
     </span>
    </p>
   </div>
   <div class='ocr_carea' id='block_1_5' title="bbox 15 1650 1070 3495">
    <p class='ocr_par' dir='ltr' id='par_1_5' title="bbox 15 1650 1070 3495">
     <span class='ocr_line' id='line_1_11' title="bbox 57 1650 1018 1732; baseline -0.009 -13"><span class='ocrx_word' id='word_1_59' title='bbox 57 1657 162 1719; x_wconf 86' lang='lat' dir='ltr'><strong>mauni</strong></span> <span class='ocrx_word' id='word_1_60' title='bbox 183 1662 217 1716; x_wconf 90' lang='lat' dir='ltr'><strong>et</strong></span> <span class='ocrx_word' id='word_1_61' title='bbox 238 1655 395 1716; x_wconf 85' lang='lat' dir='ltr'><strong>Friderici</strong></span> <span class='ocrx_word' id='word_1_62' title='bbox 416 1655 523 1715; x_wconf 86' lang='lat' dir='ltr'><strong>Jacobi</strong></span> <span class='ocrx_word' id='word_1_63' title='bbox 544 1654 627 1713; x_wconf 87' lang='lat' dir='ltr'><strong>euris</strong></span> <span class='ocrx_word' id='word_1_64' title='bbox 647 1654 691 1712; x_wconf 83' lang='lat' dir='ltr'><strong>ita</strong></span> <span class='ocrx_word' id='word_1_65' title='bbox 712 1650 847 1732; x_wconf 84' lang='lat' dir='ltr'><strong>expolita</strong></span> <span class='ocrx_word' id='word_1_66' title='bbox 868 1670 954 1728; x_wconf 86' lang='lat' dir='ltr'><strong>esse,</strong></span> <span class='ocrx_word' id='word_1_67' title='bbox 982 1658 1018 1711; x_wconf 90' lang='lat' dir='ltr'><strong>ut</strong></span> 
     </span>
     <span class='ocr_line' id='line_1_12' title="bbox 56 1733 1018 1820; baseline -0.005 -19"><span class='ocrx_word' id='word_1_68' title='bbox 56 1758 160 1820; x_wconf 83' lang='lat' dir='ltr'><strong>neque</strong></span> <span class='ocrx_word' id='word_1_69' title='bbox 188 1758 206 1800; x_wconf 90' lang='lat' dir='ltr'><strong>e</strong></span> <span class='ocrx_word' id='word_1_70' title='bbox 235 1741 322 1800; x_wconf 83' lang='lat' dir='ltr'><strong>novis</strong></span> <span class='ocrx_word' id='word_1_71' title='bbox 349 1737 499 1799; x_wconf 89' lang='lat' dir='ltr'><strong>librorum</strong></span> <span class='ocrx_word' id='word_1_72' title='bbox 525 1739 713 1817; x_wconf 87' lang='lat' dir='ltr'><strong>scriptorum</strong></span> <span class='ocrx_word' id='word_1_73' title='bbox 734 1736 831 1815; x_wconf 91' lang='lat' dir='ltr'><strong>copiis</strong></span> <span class='ocrx_word' id='word_1_74' title='bbox 853 1733 1018 1814; x_wconf 83' lang='lat' dir='ltr'><strong>quidquam</strong></span> 
     </span>
     <span class='ocr_line' id='line_1_13' title="bbox 59 1817 1016 1904; baseline -0.004 -19"><span class='ocrx_word' id='word_1_75' title='bbox 59 1822 166 1885; x_wconf 79' lang='lat' dir='ltr'><strong>auxilii</strong></span> <span class='ocrx_word' id='word_1_76' title='bbox 187 1831 297 1904; x_wconf 85' lang='lat' dir='ltr'><strong>postea</strong></span> <span class='ocrx_word' id='word_1_77' title='bbox 317 1824 384 1904; x_wconf 89' lang='lat' dir='ltr'><strong>peti</strong></span> <span class='ocrx_word' id='word_1_78' title='bbox 403 1822 532 1900; x_wconf 86' lang='lat' dir='ltr'><strong>debeat,</strong></span> <span class='ocrx_word' id='word_1_79' title='bbox 556 1821 590 1882; x_wconf 93' lang='lat' dir='ltr'><strong>id</strong></span> <span class='ocrx_word' id='word_1_80' title='bbox 605 1819 688 1901; x_wconf 88' lang='lat' dir='ltr'><strong>quod</strong></span> <span class='ocrx_word' id='word_1_81' title='bbox 700 1819 860 1880; x_wconf 89' lang='lat' dir='ltr'><strong>luculento</strong></span> <span class='ocrx_word' id='word_1_82' title='bbox 875 1817 1016 1901; x_wconf 88' lang='lat' dir='ltr'><strong>exemplo</strong></span> 
     </span>
     <span class='ocr_line' id='line_1_14' title="bbox 56 1903 1017 1988; baseline -0.006 -18"><span class='ocrx_word' id='word_1_83' title='bbox 56 1927 159 1988; x_wconf 80' lang='lat' dir='ltr'><strong>nuper</strong></span> <span class='ocrx_word' id='word_1_84' title='bbox 185 1908 410 1987; x_wconf 84' lang='lat' dir='ltr'><strong>Hertzbergius</strong></span> <span class='ocrx_word' id='word_1_85' title='bbox 435 1906 664 1987; x_wconf 81' lang='lat' dir='ltr'><strong>comprobivit,</strong></span> <span class='ocrx_word' id='word_1_86' title='bbox 692 1924 795 1984; x_wconf 91' lang='lat' dir='ltr'><strong>neque</strong></span> <span class='ocrx_word' id='word_1_87' title='bbox 824 1903 1017 1965; x_wconf 87' lang='lat' dir='ltr'><strong>emendando</strong></span> 
     </span>
     <span class='ocr_line' id='line_1_15' title="bbox 56 1988 1018 2074; baseline -0.002 -22"><span class='ocrx_word' id='word_1_88' title='bbox 56 2011 116 2074; x_wconf 91' lang='lat' dir='ltr'><strong>pro</strong></span> <span class='ocrx_word' id='word_1_89' title='bbox 136 1992 225 2052; x_wconf 90' lang='lat' dir='ltr'><strong>huius</strong></span> <span class='ocrx_word' id='word_1_90' title='bbox 247 1991 371 2071; x_wconf 89' lang='lat' dir='ltr'><strong>quidem</strong></span> <span class='ocrx_word' id='word_1_91' title='bbox 393 1991 540 2051; x_wconf 86' lang='lat' dir='ltr'><strong>editionis</strong></span> <span class='ocrx_word' id='word_1_92' title='bbox 560 1990 689 2051; x_wconf 83' lang='lat' dir='ltr'><strong>consilio</strong></span> <span class='ocrx_word' id='word_1_93' title='bbox 710 1988 805 2050; x_wconf 86' lang='lat' dir='ltr'><strong>multa</strong></span> <span class='ocrx_word' id='word_1_94' title='bbox 819 1990 932 2050; x_wconf 87' lang='lat' dir='ltr'><strong>mutari</strong></span> <span class='ocrx_word' id='word_1_95' title='bbox 944 2008 1018 2069; x_wconf 88' lang='lat' dir='ltr'><strong>pos-</strong></span> 
     </span>
     <span class='ocr_line' id='line_1_16' title="bbox 57 2072 1018 2154; baseline -0.003 -17"><span class='ocrx_word' id='word_1_96' title='bbox 57 2077 129 2137; x_wconf 80' lang='lat' dir='ltr'><strong>sint.</strong></span> <span class='ocrx_word' id='word_1_97' title='bbox 161 2077 296 2154; x_wconf 86' lang='lat' dir='ltr'><strong>quamvis</strong></span> <span class='ocrx_word' id='word_1_98' title='bbox 322 2074 418 2136; x_wconf 86' lang='lat' dir='ltr'><strong>multa</strong></span> <span class='ocrx_word' id='word_1_99' title='bbox 444 2077 526 2135; x_wconf 89' lang='lat' dir='ltr'><strong>enirn</strong></span> <span class='ocrx_word' id='word_1_100' title='bbox 554 2076 591 2135; x_wconf 85' lang='lat' dir='ltr'><strong>ab</strong></span> <span class='ocrx_word' id='word_1_101' title='bbox 616 2073 681 2135; x_wconf 87' lang='lat' dir='ltr'><strong>illis</strong></span> <span class='ocrx_word' id='word_1_102' title='bbox 702 2094 765 2134; x_wconf 94' lang='lat' dir='ltr'><strong>non</strong></span> <span class='ocrx_word' id='word_1_103' title='bbox 786 2072 1018 2135; x_wconf 73' lang='lat' dir='ltr'><strong>inconsiderate</strong></span> 
     </span>
     <span class='ocr_line' id='line_1_17' title="bbox 57 2157 1019 2239; baseline -0.003 -19"><span class='ocrx_word' id='word_1_104' title='bbox 57 2157 169 2220; x_wconf 84' lang='lat' dir='ltr'><strong>relicta</strong></span> <span class='ocrx_word' id='word_1_105' title='bbox 191 2161 269 2237; x_wconf 89' lang='lat' dir='ltr'><strong>sint,</strong></span> <span class='ocrx_word' id='word_1_106' title='bbox 292 2179 422 2239; x_wconf 88' lang='lat' dir='ltr'><strong>quorum</strong></span> <span class='ocrx_word' id='word_1_107' title='bbox 443 2157 628 2238; x_wconf 81' lang='lat' dir='ltr'><strong>corrigenda</strong></span> <span class='ocrx_word' id='word_1_108' title='bbox 646 2165 732 2219; x_wconf 87' lang='lat' dir='ltr'><strong>esset</strong></span> <span class='ocrx_word' id='word_1_109' title='bbox 753 2160 923 2239; x_wconf 85' lang='lat' dir='ltr'><strong>scriptura,</strong></span> <span class='ocrx_word' id='word_1_110' title='bbox 943 2177 1019 2238; x_wconf 85' lang='lat' dir='ltr'><strong>pau-</strong></span> 
     </span>
     <span class='ocr_line' id='line_1_18' title="bbox 58 2240 1018 2321; baseline -0.001 -19"><span class='ocrx_word' id='word_1_111' title='bbox 58 2244 104 2302; x_wconf 87' lang='lat' dir='ltr'><strong>cis</strong></span> <span class='ocrx_word' id='word_1_112' title='bbox 130 2248 233 2303; x_wconf 87' lang='lat' dir='ltr'><strong>tamcn</strong></span> <span class='ocrx_word' id='word_1_113' title='bbox 263 2249 328 2302; x_wconf 86' lang='lat' dir='ltr'><strong>tam</strong></span> <span class='ocrx_word' id='word_1_114' title='bbox 357 2249 474 2302; x_wconf 83' lang='lat' dir='ltr'><strong>certam</strong></span> <span class='ocrx_word' id='word_1_115' title='bbox 500 2248 639 2321; x_wconf 87' lang='lat' dir='ltr'><strong>paratam</strong></span> <span class='ocrx_word' id='word_1_116' title='bbox 666 2240 730 2301; x_wconf 85' lang='lat' dir='ltr'><strong>vidi</strong></span> <span class='ocrx_word' id='word_1_117' title='bbox 759 2241 1018 2319; x_wconf 88' lang='lat' dir='ltr'><strong>emendationem,</strong></span> 
     </span>
     <span class='ocr_line' id='line_1_19' title="bbox 58 2321 1019 2406; baseline 0 -20"><span class='ocrx_word' id='word_1_118' title='bbox 58 2336 94 2386; x_wconf 86' lang='lat' dir='ltr'><strong>ut</strong></span> <span class='ocrx_word' id='word_1_119' title='bbox 114 2347 131 2386; x_wconf 87' lang='lat' dir='ltr'><strong>a</strong></span> <span class='ocrx_word' id='word_1_120' title='bbox 153 2325 295 2386; x_wconf 88' lang='lat' dir='ltr'><strong>codicum</strong></span> <span class='ocrx_word' id='word_1_121' title='bbox 317 2327 487 2406; x_wconf 88' lang='lat' dir='ltr'><strong>scriptura,</strong></span> <span class='ocrx_word' id='word_1_122' title='bbox 513 2325 562 2384; x_wconf 94' lang='lat' dir='ltr'><strong>cui</strong></span> <span class='ocrx_word' id='word_1_123' title='bbox 582 2324 678 2403; x_wconf 82' lang='lat' dir='ltr'><strong>magis</strong></span> <span class='ocrx_word' id='word_1_124' title='bbox 693 2330 783 2402; x_wconf 80' lang='lat' dir='ltr'><strong>qutm</strong></span> <span class='ocrx_word' id='word_1_125' title='bbox 797 2321 938 2386; x_wconf 84' lang='lat' dir='ltr'><strong>volebam</strong></span> <span class='ocrx_word' id='word_1_126' title='bbox 951 2326 1019 2406; x_wconf 79' lang='lat' dir='ltr'><strong>ipsa</strong></span> 
     </span>
     <span class='ocr_line' id='line_1_20' title="bbox 59 2406 1017 2485; baseline 0.001 -15"><span class='ocrx_word' id='word_1_127' title='bbox 59 2409 206 2470; x_wconf 88' lang='lat' dir='ltr'><strong>editionis</strong></span> <span class='ocrx_word' id='word_1_128' title='bbox 229 2415 339 2470; x_wconf 91' lang='lat' dir='ltr'><strong>natura</strong></span> <span class='ocrx_word' id='word_1_129' title='bbox 360 2409 526 2470; x_wconf 90' lang='lat' dir='ltr'><strong>adstrictus</strong></span> <span class='ocrx_word' id='word_1_130' title='bbox 548 2427 649 2485; x_wconf 90' lang='lat' dir='ltr'><strong>eram,</strong></span> <span class='ocrx_word' id='word_1_131' title='bbox 680 2406 904 2470; x_wconf 83' lang='lat' dir='ltr'><strong>discedendum</strong></span> <span class='ocrx_word' id='word_1_132' title='bbox 925 2416 1017 2472; x_wconf 84' lang='lat' dir='ltr'><strong>esset.</strong></span> 
     </span>
     <span class='ocr_line' id='line_1_21' title="bbox 57 2493 1019 2572; baseline 0 -18"><span class='ocrx_word' id='word_1_133' title='bbox 57 2495 162 2572; x_wconf 84' lang='lat' dir='ltr'><strong>itaque</strong></span> <span class='ocrx_word' id='word_1_134' title='bbox 191 2513 259 2555; x_wconf 91' lang='lat' dir='ltr'><strong>cum</strong></span> <span class='ocrx_word' id='word_1_135' title='bbox 280 2495 307 2555; x_wconf 91' lang='lat' dir='ltr'><strong>is</strong></span> <span class='ocrx_word' id='word_1_136' title='bbox 330 2495 382 2572; x_wconf 89' lang='lat' dir='ltr'><strong>qui</strong></span> <span class='ocrx_word' id='word_1_137' title='bbox 404 2499 475 2554; x_wconf 90' lang='lat' dir='ltr'><strong>ante</strong></span> <span class='ocrx_word' id='word_1_138' title='bbox 496 2494 554 2554; x_wconf 90' lang='lat' dir='ltr'><strong>hos</strong></span> <span class='ocrx_word' id='word_1_139' title='bbox 574 2494 684 2572; x_wconf 81' lang='lat' dir='ltr'><strong>viginti</strong></span> <span class='ocrx_word' id='word_1_140' title='bbox 705 2499 772 2553; x_wconf 86' lang='lat' dir='ltr'><strong>tres</strong></span> <span class='ocrx_word' id='word_1_141' title='bbox 793 2513 890 2554; x_wconf 89' lang='lat' dir='ltr'><strong>annos</strong></span> <span class='ocrx_word' id='word_1_142' title='bbox 910 2493 1019 2556; x_wconf 75' lang='lat' dir='ltr'><strong>iacobi</strong></span> 
     </span>
     <span class='ocr_line' id='line_1_22' title="bbox 59 2576 1018 2656; baseline 0 -17"><span class='ocrx_word' id='word_1_143' title='bbox 59 2577 197 2639; x_wconf 91' lang='lat' dir='ltr'><strong>editione</strong></span> <span class='ocrx_word' id='word_1_144' title='bbox 223 2585 328 2638; x_wconf 88' lang='lat' dir='ltr'><strong>curata</strong></span> <span class='ocrx_word' id='word_1_145' title='bbox 348 2579 429 2638; x_wconf 89' lang='lat' dir='ltr'><strong>bene</strong></span> <span class='ocrx_word' id='word_1_146' title='bbox 452 2576 572 2646; x_wconf 84' lang='lat' dir='ltr'><strong>dehoc</strong></span> <span class='ocrx_word' id='word_1_147' title='bbox 593 2582 688 2656; x_wconf 89' lang='lat' dir='ltr'><strong>poeta</strong></span> <span class='ocrx_word' id='word_1_148' title='bbox 708 2577 839 2655; x_wconf 89' lang='lat' dir='ltr'><strong>meruit,</strong></span> <span class='ocrx_word' id='word_1_149' title='bbox 867 2597 950 2639; x_wconf 89' lang='lat' dir='ltr'><strong>nunc</strong></span> <span class='ocrx_word' id='word_1_150' title='bbox 969 2581 1018 2639; x_wconf 93' lang='lat' dir='ltr'><strong>in-</strong></span> 
     </span>
     <span class='ocr_line' id='line_1_23' title="bbox 56 2658 1018 2743; baseline 0.004 -22"><span class='ocrx_word' id='word_1_151' title='bbox 56 2668 178 2741; x_wconf 81' lang='lat' dir='ltr'><strong>tegram</strong></span> <span class='ocrx_word' id='word_1_152' title='bbox 203 2667 351 2742; x_wconf 88' lang='lat' dir='ltr'><strong>repetere</strong></span> <span class='ocrx_word' id='word_1_153' title='bbox 378 2662 517 2743; x_wconf 89' lang='lat' dir='ltr'><strong>priorem</strong></span> <span class='ocrx_word' id='word_1_154' title='bbox 538 2659 709 2720; x_wconf 89' lang='lat' dir='ltr'><strong>editionem</strong></span> <span class='ocrx_word' id='word_1_155' title='bbox 730 2658 886 2722; x_wconf 83' lang='lat' dir='ltr'><strong>noluisset</strong></span> <span class='ocrx_word' id='word_1_156' title='bbox 907 2681 1018 2743; x_wconf 85' lang='lat' dir='ltr'><strong>meque</strong></span> 
     </span>
     <span class='ocr_line' id='line_1_24' title="bbox 58 2744 1020 2828; baseline 0.002 -22"><span class='ocrx_word' id='word_1_157' title='bbox 58 2753 94 2806; x_wconf 90' lang='lat' dir='ltr'><strong>ut</strong></span> <span class='ocrx_word' id='word_1_158' title='bbox 125 2744 333 2824; x_wconf 90' lang='lat' dir='ltr'><strong>emendatius,</strong></span> <span class='ocrx_word' id='word_1_159' title='bbox 360 2751 507 2825; x_wconf 87' lang='lat' dir='ltr'><strong>quantum</strong></span> <span class='ocrx_word' id='word_1_160' title='bbox 527 2745 598 2805; x_wconf 88' lang='lat' dir='ltr'><strong>fieri</strong></span> <span class='ocrx_word' id='word_1_161' title='bbox 620 2751 743 2825; x_wconf 84' lang='lat' dir='ltr'><strong>posset,</strong></span> <span class='ocrx_word' id='word_1_162' title='bbox 771 2746 945 2827; x_wconf 80' lang='lat' dir='ltr'><strong>exemplum</strong></span> <span class='ocrx_word' id='word_1_163' title='bbox 965 2768 1020 2828; x_wconf 94' lang='lat' dir='ltr'><strong>pa·</strong></span> 
     </span>
     <span class='ocr_line' id='line_1_25' title="bbox 57 2827 1019 2911; baseline 0.002 -21"><span class='ocrx_word' id='word_1_164' title='bbox 57 2848 160 2891; x_wconf 80' lang='lat' dir='ltr'><strong>rerem</strong></span> <span class='ocrx_word' id='word_1_165' title='bbox 182 2840 339 2908; x_wconf 79' lang='lat' dir='ltr'><strong>rogasset,</strong></span> <span class='ocrx_word' id='word_1_166' title='bbox 368 2849 494 2911; x_wconf 89' lang='lat' dir='ltr'><strong>operam</strong></span> <span class='ocrx_word' id='word_1_167' title='bbox 515 2848 631 2907; x_wconf 88' lang='lat' dir='ltr'><strong>meam,</strong></span> <span class='ocrx_word' id='word_1_168' title='bbox 660 2831 720 2890; x_wconf 89' lang='lat' dir='ltr'><strong>etsi</strong></span> <span class='ocrx_word' id='word_1_169' title='bbox 742 2827 857 2890; x_wconf 81' lang='lat' dir='ltr'><strong>exilem</strong></span> <span class='ocrx_word' id='word_1_170' title='bbox 878 2831 949 2892; x_wconf 82' lang='lat' dir='ltr'><strong>iore</strong></span> <span class='ocrx_word' id='word_1_171' title='bbox 970 2833 1019 2891; x_wconf 92' lang='lat' dir='ltr'><strong>iu-</strong></span> 
     </span>
     <span class='ocr_line' id='line_1_26' title="bbox 56 2911 1018 2993; baseline 0.001 -18"><span class='ocrx_word' id='word_1_172' title='bbox 56 2911 184 2992; x_wconf 85' lang='lat' dir='ltr'><strong>tellexi,</strong></span> <span class='ocrx_word' id='word_1_173' title='bbox 205 2919 308 2974; x_wconf 86' lang='lat' dir='ltr'><strong>tamen</strong></span> <span class='ocrx_word' id='word_1_174' title='bbox 324 2915 354 2974; x_wconf 93' lang='lat' dir='ltr'><strong>ei</strong></span> <span class='ocrx_word' id='word_1_175' title='bbox 370 2912 581 2993; x_wconf 82' lang='lat' dir='ltr'><strong>denegandam</strong></span> <span class='ocrx_word' id='word_1_176' title='bbox 596 2932 743 2974; x_wconf 91' lang='lat' dir='ltr'><strong>essenon</strong></span> <span class='ocrx_word' id='word_1_177' title='bbox 758 2916 927 2976; x_wconf 89' lang='lat' dir='ltr'><strong>arbitratus</strong></span> <span class='ocrx_word' id='word_1_178' title='bbox 941 2935 1018 2976; x_wconf 90' lang='lat' dir='ltr'><strong>sum.</strong></span> 
     </span>
     <span class='ocr_line' id='line_1_27' title="bbox 58 2996 1020 3078; baseline 0.002 -20"><span class='ocrx_word' id='word_1_179' title='bbox 58 3017 76 3058; x_wconf 89' lang='lat' dir='ltr'><strong>e</strong></span> <span class='ocrx_word' id='word_1_180' title='bbox 100 2996 261 3058; x_wconf 87' lang='lat' dir='ltr'><strong>codicibus</strong></span> <span class='ocrx_word' id='word_1_181' title='bbox 282 2999 378 3077; x_wconf 80' lang='lat' dir='ltr'><strong>igitur</strong></span> <span class='ocrx_word' id='word_1_182' title='bbox 396 3017 450 3059; x_wconf 86' lang='lat' dir='ltr'><strong>eoa</strong></span> <span class='ocrx_word' id='word_1_183' title='bbox 467 3018 543 3077; x_wconf 89' lang='lat' dir='ltr'><strong>quos</strong></span> <span class='ocrx_word' id='word_1_184' title='bbox 556 2997 770 3058; x_wconf 84' lang='lat' dir='ltr'><strong>Lachmannus</strong></span> <span class='ocrx_word' id='word_1_185' title='bbox 785 2997 882 3078; x_wconf 80' lang='lat' dir='ltr'><strong>elegit</strong></span> <span class='ocrx_word' id='word_1_186' title='bbox 895 3005 1020 3060; x_wconf 86' lang='lat' dir='ltr'><strong>secutus</strong></span> 
     </span>
     <span class='ocr_line' id='line_1_28' title="bbox 58 3079 1020 3164; baseline 0 -21"><span class='ocrx_word' id='word_1_187' title='bbox 58 3101 142 3159; x_wconf 82' lang='lat' dir='ltr'><strong>aum,</strong></span> <span class='ocrx_word' id='word_1_188' title='bbox 171 3081 403 3160; x_wconf 76' lang='lat' dir='ltr'><strong>Groninganum</strong></span> <span class='ocrx_word' id='word_1_189' title='bbox 431 3082 500 3143; x_wconf 88' lang='lat' dir='ltr'><strong>dico</strong></span> <span class='ocrx_word' id='word_1_190' title='bbox 529 3089 562 3142; x_wconf 90' lang='lat' dir='ltr'><strong>et</strong></span> <span class='ocrx_word' id='word_1_191' title='bbox 587 3079 842 3163; x_wconf 68' lang='lat' dir='ltr'><strong>Neapolitanum</strong></span> <span class='ocrx_word' id='word_1_192' title='bbox 872 3085 1020 3164; x_wconf 90' lang='lat' dir='ltr'><strong>aquibus</strong></span> 
     </span>
     <span class='ocr_line' id='line_1_29' title="bbox 58 3164 1019 3248; baseline 0.001 -22"><span class='ocrx_word' id='word_1_193' title='bbox 58 3167 230 3248; x_wconf 81' lang='lat' dir='ltr'><strong>proximum</strong></span> <span class='ocrx_word' id='word_1_194' title='bbox 253 3164 378 3245; x_wconf 89' lang='lat' dir='ltr'><strong>quidem</strong></span> <span class='ocrx_word' id='word_1_195' title='bbox 391 3165 496 3227; x_wconf 91' lang='lat' dir='ltr'><strong>locum</strong></span> <span class='ocrx_word' id='word_1_196' title='bbox 509 3172 599 3227; x_wconf 85' lang='lat' dir='ltr'><strong>tenet</strong></span> <span class='ocrx_word' id='word_1_197' title='bbox 611 3166 776 3245; x_wconf 80' lang='lat' dir='ltr'><strong>Regiensis</strong></span> <span class='ocrx_word' id='word_1_198' title='bbox 791 3167 906 3244; x_wconf 89' lang='lat' dir='ltr'><strong>editio,</strong></span> <span class='ocrx_word' id='word_1_199' title='bbox 929 3187 1019 3247; x_wconf 87' lang='lat' dir='ltr'><strong>quam</strong></span> 
     </span>
     <span class='ocr_line' id='line_1_30' title="bbox 57 3249 1018 3330; baseline 0.001 -19"><span class='ocrx_word' id='word_1_200' title='bbox 57 3250 271 3312; x_wconf 84' lang='lat' dir='ltr'><strong>Lachmaunus</strong></span> <span class='ocrx_word' id='word_1_201' title='bbox 299 3249 438 3328; x_wconf 84' lang='lat' dir='ltr'><strong>addidit,</strong></span> <span class='ocrx_word' id='word_1_202' title='bbox 470 3257 503 3310; x_wconf 90' lang='lat' dir='ltr'><strong>et</strong></span> <span class='ocrx_word' id='word_1_203' title='bbox 535 3250 633 3311; x_wconf 87' lang='lat' dir='ltr'><strong>codex</strong></span> <span class='ocrx_word' id='word_1_204' title='bbox 664 3249 893 3328; x_wconf 87' lang='lat' dir='ltr'><strong>Menteiinuus,</strong></span> <span class='ocrx_word' id='word_1_205' title='bbox 926 3270 1018 3330; x_wconf 89' lang='lat' dir='ltr'><strong>quern</strong></span> 
     </span>
     <span class='ocr_line' id='line_1_31' title="bbox 15 3331 1070 3415; baseline -0.002 -20"><span class='ocrx_word' id='word_1_206' title='bbox 15 3402 18 3415; x_wconf 41' lang='grc' dir='ltr'>Ι</span> <span class='ocrx_word' id='word_1_207' title='bbox 57 3335 127 3415; x_wconf 86' lang='lat' dir='ltr'><strong>ipse</strong></span> <span class='ocrx_word' id='word_1_208' title='bbox 145 3331 220 3393; x_wconf 87' lang='lat' dir='ltr'><strong>olim</strong></span> <span class='ocrx_word' id='word_1_209' title='bbox 237 3333 372 3413; x_wconf 87' lang='lat' dir='ltr'><strong>contuli,</strong></span> <span class='ocrx_word' id='word_1_210' title='bbox 388 3334 444 3394; x_wconf 83' lang='lat' dir='ltr'><strong>sed</strong></span> <span class='ocrx_word' id='word_1_211' title='bbox 461 3335 505 3394; x_wconf 88' lang='lat' dir='ltr'><strong>ita</strong></span> <span class='ocrx_word' id='word_1_212' title='bbox 518 3341 621 3395; x_wconf 87' lang='lat' dir='ltr'><strong>tamen</strong></span> <span class='ocrx_word' id='word_1_213' title='bbox 634 3336 823 3415; x_wconf 81' lang='lat' dir='ltr'><strong>proximum,</strong></span> <span class='ocrx_word' id='word_1_214' title='bbox 844 3339 880 3393; x_wconf 92' lang='lat' dir='ltr'><strong>ut</strong></span> <span class='ocrx_word' id='word_1_215' title='bbox 893 3335 1020 3412; x_wconf 77' lang='lat' dir='ltr'><strong>exiguus</strong></span> <span class='ocrx_word' id='word_1_216' title='bbox 1060 3380 1070 3393; x_wconf 39' lang='grc' dir='ltr'>ι</span> 
     </span>
     <span class='ocr_line' id='line_1_32' title="bbox 16 3415 1042 3495; baseline -0.015 -14"><span class='ocrx_word' id='word_1_217' title='bbox 16 3434 20 3491; x_wconf 61' lang='lat'><strong>&#39;3</strong></span> <span class='ocrx_word' id='word_1_218' title='bbox 60 3420 101 3481; x_wconf 79' lang='lat' dir='ltr'><strong>rit</strong></span> <span class='ocrx_word' id='word_1_219' title='bbox 126 3419 238 3479; x_wconf 88' lang='lat' dir='ltr'><strong>horum</strong></span> <span class='ocrx_word' id='word_1_220' title='bbox 264 3415 416 3480; x_wconf 90' lang='lat' dir='ltr'><strong>librorum</strong></span> <span class='ocrx_word' id='word_1_221' title='bbox 443 3438 525 3480; x_wconf 90' lang='lat' dir='ltr'><strong>usus.</strong></span> <span class='ocrx_word' id='word_1_222' title='bbox 557 3421 585 3479; x_wconf 93' lang='lat' dir='ltr'><strong>is</strong></span> <span class='ocrx_word' id='word_1_223' title='bbox 613 3424 721 3479; x_wconf 86' lang='lat' dir='ltr'><strong>autem</strong></span> <span class='ocrx_word' id='word_1_224' title='bbox 743 3420 804 3495; x_wconf 67' lang='lat' dir='ltr'><strong>uni</strong></span> <span class='ocrx_word' id='word_1_225' title='bbox 823 3417 949 3473; x_wconf 53' lang='lat' dir='ltr'><strong>teritus</strong></span> <span class='ocrx_word' id='word_1_226' title='bbox 961 3415 1042 3468; x_wconf 49' lang='lat' dir='ltr'><strong>Qua</strong></span> 
     </span>
    </p>
   </div>
   <div class='ocr_carea' id='block_1_6' title="bbox 0 0 1115 3846">
    <p class='ocr_par' dir='ltr' id='par_1_6' title="bbox 0 0 1115 3846">
     <span class='ocr_line' id='line_1_33' title="bbox 0 0 1115 3846; baseline 0 0"><span class='ocrx_word' id='word_1_227' title='bbox 0 0 1115 3846; x_wconf 95' lang='lat' dir='ltr'><strong> </strong></span> 
     </span>
    </p>
   </div>
  </div>
 </body>
</html>
