2220 3846
295 174 324 266 ἰ
345 206 359 267 ι
379 207 402 266 r
423 205 496 266 na
536 207 574 296 q,
597 219 673 313 qo,
695 219 720 272 ι.
950 213 993 279 aa

118 370 177 432 Illa
186 371 362 452 puellarum
372 373 523 450 ingenuos
536 376 676 453 corrupit
687 374 803 437 ocellos

64 465 100 518 30
161 456 389 534 Nequitiaeqne
400 474 473 515 suae
484 453 586 516 noluit
597 475 666 516 esse
677 457 781 520 rudes.

117 539 169 599 Ah
179 546 290 617 gemat,
301 540 334 599 in
344 540 439 598 terris
449 540 510 598 ista
524 541 576 618 qui
587 540 719 619 protulit
732 550 799 602 arte
914 568 918 574 ·

157 623 259 701 Iurgia
269 623 325 682 sub
336 623 432 683 tacita
442 620 568 680 condita
576 621 705 685 laetitia.

116 705 187 766 Non
196 708 265 766 istis
277 703 352 766 olim
362 705 522 764 variabant
532 710 616 764 tecta
626 707 750 784 figuris:

88 833 91 837 «
157 789 237 850 Tum
247 790 351 869 paries
364 784 452 846 nullo
463 788 591 848 crimine
602 790 703 868 pictus
716 800 792 855 erat.

56 925 97 978 '35
118 915 182 976 Sed
192 934 256 974 non
266 914 411 975 inmerito
422 911 535 975 velavit
546 932 657 976 aranea
666 916 771 978 fanum

55 1030 57 1034 ⁴
156 1001 199 1060 Et
211 998 289 1062 mala
300 998 442 1059 desertos
453 1005 584 1079 occupat
593 999 692 1061 herba
704 1001 789 1061 deos.

117 1132 200 1208 Quos
210 1131 306 1210 igitur
315 1129 374 1191 tibi
385 1129 541 1206 custodes,
553 1147 631 1207 quae
642 1128 748 1190 limina
758 1150 882 1210 ponam,
965 1153 967 1177 ³
1058 1174 1064 1178 -

156 1214 240 1290 Quae
251 1231 415 1292 numquam
426 1231 519 1291 snpra
529 1230 585 1291 pes
596 1213 738 1292 inimicus
750 1214 822 1273 eat?

10 1314 14 1329 ’
114 1296 191 1358 Nam
201 1295 282 1357 nihil
291 1297 406 1356 invitae
417 1295 518 1355 tristis
529 1294 670 1355 custodia
679 1295 825 1375 prodest:
927 1373 931 1379 ι

59 1389 95 1442 40
157 1381 253 1457 Quam
263 1396 394 1460 peccare
405 1376 513 1458 pudet,
528 1379 672 1458 Cynthia,
685 1386 752 1439 tuta
762 1387 811 1440 sat
821 1387 878 1442 est.

112 1506 175 1566 Nos
186 1526 262 1566 uxor
273 1526 447 1585 numquam,
457 1525 622 1586 numquam
633 1505 760 1567 diducet
770 1507 880 1568 amica:

79 1596 81 1601 ’
156 1588 285 1667 Semper
296 1590 392 1648 amica
402 1590 488 1667 mihi,
500 1607 623 1669 semper
635 1596 669 1648 et
678 1608 755 1648 uxor
766 1593 839 1649 eris.

71 1721 96 1812 7
115 1718 228 1812 Gavisa
240 1771 274 1812 es
284 1742 371 1811 certe
383 1752 544 1830 sublatam,
557 1752 701 1830 Cynthia,
714 1751 828 1830 legem,

153 1837 220 1912 Qua
232 1834 385 1914 quondam
398 1835 500 1896 edicta
510 1837 619 1895 flemus
629 1840 762 1914 uterque
774 1836 837 1914 diu,

111 1920 219 1980 Ninos
230 1917 392 1980 divideret.
416 1921 551 1999 quamvis
563 1919 711 1978 diducere
724 1925 859 1980 amentes

154 2003 223 2063 Non
235 2010 328 2083 queat
339 2004 452 2063 invitos
463 2002 603 2083 luppiter
613 2003 681 2082 ipse
693 2001 778 2063 duos.

71 2097 89 2148 5
110 2088 289 2165 utmagnus
302 2087 424 2148 caesar.
448 2085 505 2147 sed
515 2105 641 2166 magnus
653 2086 769 2148 Caesar
781 2088 817 2148 in
826 2089 933 2149 armis:

65 2230 70 2238 ,
152 2171 297 2230 Devictae
309 2177 417 2248 gentes
429 2168 475 2230 nil
486 2172 520 2231 in
531 2185 634 2230 amore
645 2168 758 2231 volent.

108 2253 186 2314 Nam
199 2255 289 2314 citius
299 2258 426 2332 paterer
438 2254 598 2332 caputhoc
610 2252 774 2314 discedere
786 2252 880 2333 collo,

151 2338 248 2413 Quam
258 2353 382 2414 possem
391 2341 506 2414 nuptae
517 2335 652 2412 perdere
666 2355 769 2394 amore
781 2336 875 2397 laces.

109 2421 173 2480 Ant
184 2438 242 2497 ego
254 2419 420 2477 transirem
429 2422 482 2475 tua
491 2415 599 2474 limina
611 2413 862 2493 clamememus,
903 2479 908 2487 ,

53 2512 91 2565 10
151 2502 333 2582 Respiciens
345 2499 414 2560 udis
424 2497 548 2579 prodita
558 2495 747 2558 luminibus?

109 2587 159 2647 Ah
169 2591 313 2646 meatum
325 2583 422 2663 qualis
435 2588 562 2642 caneret
575 2583 643 2658 tibi,
655 2582 801 2661 Cynthia,
813 2600 937 2643 somnos

150 2670 253 2747 Tibia,
264 2669 387 2727 funesta
396 2667 517 2725 tristior
529 2664 583 2724 illa
593 2666 680 2724 tuba!

108 2793 200 2855 Unde
211 2795 287 2854 mihi
297 2794 407 2874 patriis
418 2797 525 2870 gnatos
535 2793 688 2870 praebere
701 2792 889 2873 triumphis?

147 2875 258 2938 Nullus
270 2877 310 2938 de
320 2883 427 2938 nostro
439 2875 587 2954 sauguine
598 2873 689 2936 miles
700 2876 770 2937 erit.
829 2910 838 2925 ·

51 2969 87 3024 15
109 2960 201 3036 Quod
211 2963 239 3023 si
251 2981 324 3021 vera
333 2979 420 3023 meae
433 2959 617 3020 comitarent
628 2966 729 3019 castra
738 2958 875 3041 puellae,

88 3084 94 3097 ι
146 3045 216 3105 Νοιι
226 3046 301 3105 mihi
312 3052 360 3105 sat
369 3061 495 3122 magnus
507 3044 646 3106 Castoris
654 3045 720 3106 iret
732 3061 839 3126 equus.

104 3128 188 3187 Hinc
199 3130 314 3188 etenim
324 3133 443 3188 tantum
453 3127 568 3187 meruit
578 3147 646 3188 mea
657 3128 757 3207 gloria
767 3148 889 3207 nomen,

148 3211 257 3271 Gloria
268 3210 306 3270 ad
316 3209 540 3270 hibernoslata
550 3211 805 3290 Borysthenidas.

107 3294 158 3354 Tu
173 3295 249 3355 mihi
266 3293 332 3356 solo
341 3292 462 3376 places:
484 3292 624 3375 placeam
634 3297 703 3374 tibi,
718 3296 862 3376 Cynthio,
874 3292 975 3354 solus:

47 3387 85 3439 20
147 3379 208 3440 llic
220 3381 282 3441 erit
293 3379 436 3460 et'patrio
449 3379 596 3456 sangnine
606 3375 706 3458 pluris
718 3399 811 3440 amor.
