2220 3846
86 195 130 261 ee
383 186 750 255 cuoauuau
843 140 849 152 ’

170 360 229 422 Dic
239 359 325 438 mihi,
336 378 410 419 num
419 365 547 419 teneras
557 358 621 418 urit
631 355 729 417 lurica
738 355 902 418 lacertosi

213 443 292 505 Num
305 443 406 522 grans
416 440 550 503 inbelles
562 442 670 502 atterit
678 440 767 501 hasta
777 443 910 505 manus?

118 535 153 591 tt
172 528 258 592 Haec
271 531 404 587 noceant
414 527 528 606 potius,
541 544 630 604 quam
642 522 786 585 dentibus
797 523 861 586 ulla
871 527 977 606 puella

212 612 274 671 Det
284 611 360 671 mihi
370 607 537 691 plorandas
548 614 670 688 pertua
680 604 873 672 collanctas.
979 642 982 647 ’

173 693 296 755 Diceris
308 700 341 755 et
350 694 448 754 macie
457 691 575 752 vultum
585 698 746 752 tenuasse:
768 691 826 752 sed
837 699 923 774 opta,

211 779 239 840 E
252 775 408 839 desiderio
420 777 462 836 sit
473 775 559 836 color
569 776 630 835 iste
641 792 720 837 mee.

172 864 215 924 At
224 861 301 921 mihi
311 880 379 921 cum
393 864 502 919 noctes'
512 858 632 919 induxit
642 876 754 938 vesper
765 877 894 936 maras,

118 953 153 1009 ³0
214 944 247 1004 Si
259 963 319 1023 qua
328 942 439 1002 relicta
448 943 561 1020 iacent,
574 941 697 1003 ascador
708 961 792 1003 arma
800 946 864 1004 tue.

173 1026 253 1089 Tum
265 1043 380 1106 queror
389 1027 423 1085 iu
433 1030 500 1087 tcto
512 1045 576 1085 non
585 1025 691 1085 sidere
700 1024 797 1105 pallia
805 1023 902 1102 lecto,

212 1111 304 1171 Lucis
318 1116 356 1171 et.
361 1115 504 1170 auctores
514 1128 577 1169 uun
588 1107 663 1169 dare
675 1127 799 1171 carmen
810 1127 892 1170 aves.

170 1193 320 1255 Noctibus
331 1195 472 1254 hibernis
484 1194 652 1253 castrensia
662 1212 759 1273 pensa
768 1191 879 1253 labero

210 1278 253 1338 nt
264 1276 521 1358 Tyriainradies
531 1274 649 1338 vellera
660 1283 746 1337 ecta
756 1295 839 1350 suos,

117 1369 151 1424 35
171 1361 213 1423 nt
225 1359 321 1438 disco,
335 1380 393 1439 qua
403 1367 493 1440 parte
504 1360 580 1420 fluat
592 1359 761 1422 vincendus
771 1360 902 1437 Araxes,

212 1444 296 1520 Quot
306 1444 373 1504 sine
385 1463 462 1522 aqua
471 1444 605 1511 Parthus
616 1443 702 1504 milia
712 1449 818 1504 currat
828 1460 938 1522 equus,

172 1528 275 1607 Cogor
287 1533 320 1587 ct
330 1545 348 1586 e
359 1526 462 1587 tabula
471 1528 573 1607 pictus
585 1527 726 1589 ediscere
738 1526 880 1604 mundus,

212 1608 319 1688 Qualis
331 1618 364 1671 et
373 1611 451 1670 haec
462 1610 546 1671 docti
558 1612 599 1671 sit
609 1613 748 1692 positura
759 1611 822 1688 dei,

171 1697 256 1773 Quae
267 1693 361 1757 tellus
372 1696 413 1755 sit
422 1694 509 1757 lenta
519 1694 601 1774 gelu,
613 1713 691 1774 quae
701 1696 803 1775 putris
815 1695 851 1754 ab
864 1698 961 1771 aestu,

116 1786 152 1842 40
213 1780 331 1841 Ventus
342 1780 376 1838 in
386 1776 505 1839 ltaliam
516 1781 569 1857 qui
578 1780 659 1839 bene
669 1777 738 1838 vela
751 1778 844 1840 ferat.
969 1811 973 1816 ·

172 1861 305 1924 Adsidet
316 1881 377 1922 una
388 1881 488 1940 seror,
500 1864 582 1922 curis
593 1869 627 1921 ct
635 1861 751 1941 pallida
761 1862 867 1922 nutrix

76 2016 78 2021 Ι
183 1941 186 1947 ’
211 1946 634 2025 Peierat‘hibernitemporis
647 1962 840 2005 essemoras.

155 2022 259 2090 ‘nelix
270 2028 444 2111 Hippolyte
454 2027 536 2089 nuda
546 2027 620 2089 tulit
630 2049 713 2091 uma
722 2027 840 2108 papilla

210 2112 253 2173 nt
266 2113 345 2172 texit
355 2111 444 2189 galea
454 2113 585 2171 barbara
595 2111 690 2172 molle
702 2117 801 2192 caput.

117 2201 151 2256 45
171 2192 318 2254 Romanis
328 2195 446 2255 utinam
455 2195 628 2275 patuissent
640 2202 740 2257 castra
749 2190 882 2275 puellis!

211 2277 322 2338 Essem
333 2277 461 2339 militiae
471 2280 591 2358 sarcina
600 2278 663 2340 fida
673 2286 755 2357 tuae,

168 2359 235 2423 Nec
248 2381 297 2422 me
307 2361 470 2424 tardarent
478 2363 626 2444 Scythiae
635 2365 717 2442 iuga,
728 2381 797 2425 cum
806 2367 898 2441 pater
909 2356 983 2421 altus

211 2446 336 2507 Africus
347 2449 380 2507 in
392 2446 523 2525 glaciem
533 2448 653 2526 frigere
661 2448 763 2508 nectit
772 2463 876 2525 aquas.

171 2528 278 2590 Omnis
290 2549 522 2608 amor-maguus,
533 2530 591 2592 sed
603 2537 711 2610 aperta
722 2532 756 2590 in
766 2530 897 2606 coniuge
908 2527 1010 2587 maior:

116 2617 151 2671 50
211 2612 300 2672 Hanc
310 2614 428 2691 Venus,
438 2615 573 2693 atainei,
584 2612 714 2674 ventilat
725 2616 792 2693 ipsa
802 2613 913 2674 lacem.

168 2693 245 2755 Nam
256 2697 429 2776 mihique?
450 2698 564 2758 Poenis
574 2699 633 2759 tihi
643 2716 781 2778 purpura
790 2694 911 2773 fulgeat
921 2690 1005 2761 astri!

211 2779 446 2861 Crystallusque
456 2800 538 2842 meas
550 2787 643 2841 ornet
653 2800 767 2860 aquosa
777 2798 894 2839 manus.

120 2903 122 2908 -
170 2862 281 2924 Omnia
291 2864 384 2925 surda
393 2870 509 2942 tacent,
519 2866 660 2940 rarisque
671 2861 799 2920 adsueta
808 2858 952 2929 kalendis

210 2947 271 3007 Vix
282 2948 384 3023 aperit
396 2943 516 3004 clausas
527 2963 587 3003 una
595 2941 701 3020 puella
710 2941 805 3019 lares,

114 3035 149 3089 55
171 3025 337 3090 Glaucidcs
349 3032 382 3083 et
393 3023 511 3084 catulae
521 3044 579 3084 vox
590 3030 639 3085 est
649 3025 724 3085 mihi
735 3031 823 3105 grata
834 3025 1005 3106 querentis:

209 3109 265 3168 llla
275 3109 321 3167 tui
331 3113 451 3187 partem
463 3105 599 3168 vindicat
608 3128 669 3169 una
679 3115 759 3171 toro.

168 3191 265 3252 Flore
277 3191 389 3253 sacella
398 3198 483 3270 tege,
496 3193 641 3253 verbenis
653 3195 787 3274 compita
797 3192 878 3271 velo,

210 3275 252 3334 Et
264 3281 371 3354 crepat
382 3274 422 3334 ad
431 3280 556 3336 veteres
567 3277 665 3337 herba
678 3278 791 3338 Sabina
804 3277 903 3339 icccc.

169 3355 241 3416 Sive
252 3358 286 3416 in
296 3358 428 3418 finitimo
441 3360 557 3437 gemuit
567 3365 651 3419 stans
661 3367 774 3422 noctua
784 3361 884 3439 tigno,

115 3447 150 3502 60
211 3441 274 3502 Seu
285 3440 381 3503 voluit
392 3443 477 3521 tangi
485 3462 579 3524 parca
588 3442 716 3505 lucerna
726 3461 825 3521 mero,

16 3498 75 3608 Ν
