2220 3846
335 210 743 293 urrunnun:

92 391 127 446 :5
148 383 218 447 Non
228 379 294 440 ullo
306 381 425 459 gravius
441 385 609 457 temptatur
622 379 754 456 Cynthia
766 379 887 459 damno,
1003 411 1004 415 =
1056 392 1060 397 ·

189 467 286 542 Quam
297 465 356 524 sibi
368 482 436 522 cum
447 469 537 542 rapto
549 469 651 522 cessat
662 481 765 523 amore
777 464 864 542 deus,

146 551 319 630 Praecipue
329 553 447 608 nostro.
468 552 590 605 maneat
601 547 645 605 :ic
657 557 791 626 semper,
804 547 910 627 adoro,

187 635 253 695 Nec
265 633 429 711 quicquam
440 648 479 689 ex
490 628 544 688 illa
555 628 638 707 quod
649 649 762 708 querar
772 632 933 695 inveniam.

104 767 129 860 5
146 769 267 878 invide,
277 806 313 858 tn
323 796 449 857 tandem
460 815 550 857 voces
562 814 724 878 compesce
734 797 879 858 molestes

85 893 87 900 '
188 886 231 946 Et
242 885 379 959 sinenos
391 900 491 958 cursu,
508 900 567 959 quo
579 901 691 957 sumus,
702 881 751 940 ire
763 899 864 961 pares.

149 968 231 1044 Quid
241 968 299 1026 tibi
309 967 365 1043 vis,
379 965 509 1024 insane?
530 983 614 1025 meos
625 965 901 1025 sentirefurorcsi
1007 976 1019 1043 ἰ

189 1051 308 1128 Infelix,
319 1068 469 1129 properas
480 1048 586 1109 ultima
595 1067 687 1108 nosse
699 1048 777 1108 mala

111 1145 128 1196 5
148 1137 190 1198 Et
200 1137 294 1195 miser
308 1135 430 1212 ignotos
441 1135 572 1212 vestigia
582 1133 669 1192 ie'rre
680 1150 738 1212 per
747 1135 836 1210 ignes

112 1274 113 1278 ,
188 1221 230 1281 lit
240 1221 458 1278 bibereetota
468 1219 570 1276 toxica
581 1214 752 1277 Thessalia.
792 1272 800 1277 .

147 1304 217 1363 Non
228 1309 276 1362 est
286 1299 340 1361 illa
350 1301 433 1377 vagis
444 1299 554 1360 similis
566 1298 676 1360 collata
686 1298 814 1379 puellis:

189 1385 331 1446 Molliter
340 1385 433 1444 irasci
444 1405 506 1444 non
517 1384 598 1445 solet
607 1382 662 1443 illa
672 1385 741 1444 tibi.

147 1471 237 1547 Quod
247 1472 274 1529 si
285 1470 368 1529 forte
379 1469 441 1528 tuis
453 1488 514 1529 non
527 1476 576 1529 cst
587 1469 741 1528 contraria
751 1469 842 1544 votis,

94 1566 129 1617 10
189 1556 231 1614 At
241 1556 298 1613 tibi
311 1559 452 1613 curarum
463 1552 547 1612 milia
558 1559 671 1631 quanta
683 1551 777 1610 dabit.

148 1638 217 1697 Non
227 1639 285 1696 tibi
296 1639 357 1695 iam
367 1655 500 1711 somnos,
515 1654 578 1693 non
589 1634 644 1692 illa
653 1633 813 1710 relinquet
823 1630 956 1693 ocellos:

189 1719 245 1778 llla
255 1719 341 1777 feros
354 1719 461 1776 animis
473 1716 590 1794 adligat
600 1735 661 1774 una
670 1717 762 1775 viros.

149 1805 199 1863 Ah
210 1819 278 1861 mea
290 1805 484 1880 contemptus
498 1800 640 1877 quotiens
653 1798 809 1878 adlimina
820 1818 937 1877 curres,

190 1887 268 1947 eum
281 1886 339 1944 tibi
355 1882 491 1962 singultu
502 1884 597 1943 fortia
607 1885 702 1944 verbo
712 1883 835 1961 cadent,
893 1890 895 1895 ’

94 1979 127 2033 15
147 1971 190 2033 Et
200 1968 350 2030 tremulus
361 1970 487 2028 maestis
499 1970 619 2028 orietur
630 1969 755 2028 fletibus
766 1969 890 2046 horror,

188 2055 230 2115 Et
242 2056 335 2113 timor
344 2054 511 2112 informem
523 2050 616 2112 ducet
627 2054 659 2111 in
672 2070 727 2112 ore
739 2059 854 2130 notam,

146 2139 188 2200 Et
201 2155 409 2217 quaecumque
419 2135 504 2196 voles
515 2137 637 2215 fugient
648 2137 705 2196 tibi
717 2138 812 2196 uerba
824 2137 978 2215 querenti,

188 2223 254 2281 Nec
264 2223 395 2302 poteris,
408 2221 460 2298 qui
471 2221 513 2279 sis
526 2227 578 2279 aut
588 2222 651 2297 ubi,
669 2238 762 2279 nosse
773 2221 877 2280 miser.

148 2305 230 2364 Tum
241 2323 332 2381 grave
345 2306 504 2362 servitium
514 2310 639 2362 nostrae
652 2322 765 2381 cogere
777 2302 902 2382 puellae

92 2397 130 2451 20
190 2388 321 2445 Discere
334 2393 367 2444 ct
378 2384 535 2444 exclusum
548 2385 622 2462 quid
634 2387 675 2444 sit
686 2386 772 2444 abire
785 2386 925 2460 domum;

147 2471 214 2532 Nec
225 2472 285 2530 iam
295 2469 447 2550 pallorem
458 2469 575 2528 totiens
586 2468 742 2527 mirabere
753 2475 904 2545 nostrum,
1020 2521 1022 2525 ,

190 2556 253 2614 Aut
265 2556 388 2614 cursim
398 2558 465 2613 toto
478 2571 610 2632 corpore
622 2549 725 2611 nullus
737 2570 806 2631 ego.

148 2637 214 2699 Nec
226 2640 283 2697 tibi
295 2637 440 2719 nobilitas
450 2638 569 2716 poterit
580 2655 764 2696 succurrere
779 2637 908 2696 amanti:

187 2722 296 2781 Nescit
305 2722 401 2780 Amor
412 2721 524 2799 priscis
536 2719 650 2778 cedere
660 2720 854 2796 imaginibus.

94 2815 129 2867 25
152 2803 282 2882 Quod-si
292 2824 386 2886 parva
398 2811 469 2863 tuac
482 2801 608 2862 dederis
619 2804 750 2880 vestigia
763 2801 884 2883 culpae,

190 2890 287 2965 Quom
299 2890 360 2949 cito
374 2887 413 2947 dc
424 2893 511 2947 tanto
522 2888 647 2946 nomine
658 2907 764 2947 rumor
776 2889 856 2947 eris!

149 2972 219 3032 Non
230 2992 287 3051 ego
299 2981 364 3032 tum
374 2978 485 3052 potero
498 2970 608 3032 solatia
617 2973 704 3031 ferre
716 2973 849 3049 roganti,

193 3057 269 3116 (lum
280 3059 356 3116 milri
367 3054 455 3115 nulla
465 3056 526 3115 mei
538 3057 579 3116 sit
590 3054 744 3115 medicina
754 3053 838 3131 moli,

152 3139 214 3201 Sed
225 3142 344 3225 pariter
355 3141 461 3199 miseri
474 3140 557 3198 socio
570 3158 715 3218 cogemur
727 3157 830 3197 amore

95 3233 133 3288 30
195 3223 285 3283 Alter
296 3225 328 3283 in
341 3222 469 3283 alterius
482 3225 675 3282 mutuaflere
688 3224 765 3282 sinu.
946 3291 956 3302 κ

152 3310 266 3386 Quare,
279 3307 353 3386 quid
363 3309 462 3388 possit
473 3325 542 3365 mea
552 3306 695 3386 Cynthia,
707 3305 827 3381 desine,
841 3301 943 3379 Galle,

193 3394 368 3467 Quaerere:
390 3410 453 3450 non
467 3392 583 3470 inpune
595 3390 649 3451 illa
659 3395 767 3468 rogata
776 3388 871 3447 venit.

438 3495 650 3507 unu——n—-o-
