2220 3846
132 219 174 283 so
429 205 789 274 rnornnrrr
879 185 885 191 ’

217 385 284 460 Qua
295 377 417 441 Siculae
427 379 527 443 vietor
537 338 661 436 telluris
675 337 821 434 Clauslius
832 379 866 434 et
877 393 940 454 qus
960 379 967 393 ‘

257 465 372 526 Caesar
383 463 420 522 ab
431 463 562 521 humana
573 459 667 518 cessit
676 458 710 516 in
721 462 805 516 astra
815 457 873 520 via.

151 596 205 692 l8
222 593 367 690 llbioitur
377 627 493 686 totiens
504 646 521 683 a
531 631 564 684 te
575 625 651 684 mihi
660 629 767 683 nostru
776 620 894 684 libido:
1038 590 1079 687 ll

260 710 450 773 credamini
462 752 471 787 ,
482 709 568 769 vobis
578 709 712 788 imperat
721 707 781 766 ists
791 709 898 785 magis.

219 797 294 873 Vos,
305 795 359 855 ubi
370 793 540 872 contempti
550 791 678 870 rupitis
689 790 779 850 freno
789 789 931 872 pudoris,

260 878 396 938 Nescitis
407 881 515 955 raptae
525 875 639 935 mentis
649 873 766 933 habore
778 873 912 935 modum.

183 970 199 1022 5
220 959 357 1022 Flamma
366 977 425 1040 per
435 961 577 1019 incensas
589 959 680 1017 citius
691 955 819 1017 sedetur
830 958 953 1036 aristus,

263 1042 467 1122 Fluminaque
478 1040 516 1102 ad
527 1041 623 1101 fontis
635 1042 698 1100 sint
708 1038 849 1100 reditura
860 1047 963 1121 eaput,

220 1129 263 1191 Et
272 1126 428 1207 placidum
438 1125 546 1205 Syrtes
558 1130 682 1205 portum
692 1130 726 1183 et
736 1126 817 1184 bona
826 1122 923 1185 litora
932 1127 1031 1186 nautis

262 1210 417 1271 Praebeat
427 1210 562 1288 hospitio
574 1227 664 1268 saeva
674 1206 780 1268 Malea
790 1227 856 1284 suo,

223 1296 321 1371 Quam
331 1294 430 1374 possit
440 1298 560 1353 vestros
573 1293 733 1370 quisquam
740 1289 981 1370 reprehendere
989 1309 1079 1352 cursus

172 1386 205 1437 10
264 1377 306 1438 nt
315 1375 442 1455 rapidae
453 1373 594 1435 stimulos
605 1375 751 1453 frangere
762 1376 930 1453 nequitiae.

224 1459 341 1536 Testis,
356 1459 482 1518 Cretaei
492 1458 590 1518 fastus
601 1476 679 1536 quae
690 1478 778 1537 passa
789 1458 912 1519 iuvenci

264 1540 367 1602 Induit
377 1542 526 1619 abiegnae
537 1560 653 1600 cornua
662 1541 740 1602 falsa
750 1543 853 1602 bovis:

225 1625 330 1686 Testis
342 1623 524 1685 Thessalico
535 1625 669 1702 flagrans
683 1623 836 1685 Salmonis
845 1625 980 1704 Enipeo,

266 1710 350 1785 Quae
361 1708 458 1769 voluit
467 1707 586 1787 liquido
597 1714 664 1767 tota
674 1709 779 1768 subire
791 1708 860 1769 deo.
1018 1775 1020 1779 ¹

173 1799 206 1852 15
227 1792 354 1853 Crimen
365 1798 398 1852 et
412 1791 468 1851 ills
478 1792 538 1851 fuit
548 1791 649 1870 patria
659 1810 807 1853 succensa
818 1797 946 1853 senecta

266 1877 396 1937 Arboris
406 1877 440 1935 in
448 1873 578 1935 frondes
590 1874 714 1935 condita
723 1876 855 1955 Myrrha
865 1893 971 1939 novae.

225 1958 302 2019 Nam
313 1960 388 2039 quid
398 1959 531 2020 Medeae
542 1959 678 2018 referam
689 1979 749 2038 quo
760 1966 903 2039 tempore
912 1961 1018 2021 matris

265 2042 345 2102 lram
355 2049 497 2102 natorum
508 2041 604 2102 caede
614 2044 710 2121 piavit
720 2043 827 2103 amor?

227 2124 346 2201 Quidve
358 2124 636 2204 Clytaemestrae,
647 2134 778 2207 propter
786 2147 875 2206 quam
882 2133 951 2187 tota
957 2125 1086 2207 Mycenis

173 2216 209 2270 20
267 2207 391 2268 Infamia
403 2214 510 2288 stupro
524 2213 586 2268 stat
596 2208 735 2290 Pelopea
746 2210 874 2271 osmunt

212 2296 217 2305 '
229 2289 351 2369 Tuque,
362 2312 380 2352 o
392 2291 498 2352 Minoa
508 2293 692 2356 venumdata
703 2293 805 2374 Scylla
814 2294 926 2372 figura,

222 2448 225 2456 .
270 2374 397 2436 'londes
407 2395 565 2457 purpurea
574 2397 672 2457 regna
683 2385 813 2457 paterna
825 2397 920 2440 coma.

222 2458 316 2519 'Hane
326 2461 421 2538 igitur
432 2460 537 2521 dotem
547 2462 633 2540 uirgo
646 2460 855 2541 desponderat
865 2461 966 2521 hostis

269 2543 354 2622 Nise,
365 2551 433 2604 tuns
444 2551 550 2624 portas
560 2543 670 2606 fraude
681 2545 811 2606 reclusit
820 2546 925 2605 Amor.

174 2632 208 2686 2⁵
230 2627 273 2687 At
285 2646 350 2704 ros,
361 2629 519 2708 innuptae,
530 2626 654 2690 felicius
665 2630 748 2689 urite
759 2628 880 2690 taedas:

270 2709 393 2772 Pendet
403 2713 536 2773 Cretaea
548 2717 646 2775 tracta
656 2710 764 2793 puella
774 2719 851 2774 rate.

144 2831 147 2837 -
228 2793 297 2854 Non
312 2803 415 2857 tomen
425 2799 571 2858 inmerito
583 2799 688 2858 Minos
698 2796 789 2856 sedet
800 2797 919 2856 arbiter
929 2794 1019 2856 Oroi:

269 2879 378 2942 Victor
390 2888 458 2942 erut
469 2883 614 2961 quumvis,
626 2897 741 2955 aequus
751 2880 785 2935 in
795 2879 887 2937 hoste
898 2879 968 2940 fuit.

160 3006 214 3099 lli
232 3008 347 3106 Credis
359 3064 428 3105 eum
438 3046 498 3104 iam
508 3063 600 3124 posse
611 3050 683 3103 tuae
693 3044 870 3106 meminisse
882 3048 1013 3127 ligneae,
1046 3004 1097 3102 20

209 3150 217 3163 ⁴
270 3129 386 3191 Vidisti
397 3125 508 3189 alecto
521 3146 612 3207 quem
625 3126 699 3188 dure
710 3128 781 3189 vela
792 3131 868 3190 tuo?
975 3125 985 3147 '

229 3209 341 3287 Durus,
353 3214 404 3288 qui
415 3212 502 3273 luero
515 3213 616 3291 potuit
626 3219 746 3274 mutare
757 3212 910 3295 puellum!

272 3290 406 3352 Tantine
417 3295 450 3353 in
461 3292 597 3355 lacrimis
608 3296 716 3358 Africa
726 3305 792 3359 tota
803 3298 885 3358 fuit?

192 3380 209 3430 5
229 3373 271 3432 At
282 3379 327 3452 tu,
339 3373 442 3452 stulta,
456 3375 542 3456 deos,
552 3384 587 3440 tu
598 3381 688 3460 fingis
699 3384 803 3443 inania
812 3384 915 3443 verba.

269 3455 414 3520 Forsitan
425 3458 480 3521 ille
492 3460 553 3523 alio
564 3471 675 3545 pectus
687 3484 791 3527 amore
802 3472 894 3528 terat.
