2220 3846
276 198 375 291 ιιι
396 197 469 260 un
508 195 629 278 ιιιιι,
650 208 760 279 suan.
902 214 909 223 ,
955 202 1004 275 ιι,

123 368 185 444 An,
201 367 344 445 quonium
355 370 509 444 agrestem
520 362 655 430 detraxit
667 367 705 429 sb
717 386 772 428 ore
784 369 912 447 figurem

166 447 820 531 Iuppiter,idciroofsotusuperbudeses?

73 544 101 598 tu
124 534 174 594 An
184 534 242 593 tibi
254 534 402 594 nonsatis
414 540 463 595 est
473 532 568 595 iussis
578 533 739 615 Aegyptus
751 532 902 598 alumnis?

166 617 827 695 θιιιιίΙιίιιιιιῙιιιιςιῐιιιιιιιι[ιιιίιιιίιιιιιῖι

123 697 243 781 Quidve
254 701 312 763 tibi
322 699 454 781 prodest
463 696 569 759 viduas
582 697 719 776 dormire
728 699 870 782 puellusi

162 781 228 845 Sed
237 784 306 862 tibi,
318 781 413 843 crede
423 782 510 860 mihi,
525 801 639 843 cornus
649 803 755 845 rursus
767 791 870 862 erunt,
989 795 993 802 ’

122 868 186 928 Aut
196 885 253 926 nos
266 885 284 924 e
295 871 456 945 nostrate,
467 883 566 943 soevo,
579 866 751 944 fugabimus
763 869 856 929 urbe:

73 960 103 1012 to
165 951 244 1010 cum
255 949 365 1009 Tiberi
375 947 444 1009 Nilo
455 950 554 1027 gratio
562 948 650 1011 nulls
659 950 728 1017 fuit.

120 1034 219 1110 Atto,
233 1049 311 1110 quse
321 1038 428 1093 nostro
438 1034 564 1093 nimium
573 1031 692 1113 pluouts
705 1032 813 1097 dolore
826 1054 870 1113 es,
995 1083 1000 1090 .

165 1116 313 1178 Noctibus
324 1116 771 1180 hissuwiterfuoiumusiter.

121 1198 190 1260 Non
204 1197 290 1260 audis
301 1206 335 1260 et
347 1201 442 1260 verbs
451 1201 527 1260 sinis
538 1217 607 1260 mes
616 1198 738 1279 ludere,
750 1220 818 1261 oum
828 1201 889 1260 iam
947 1199 949 1203 ’

159 1281 305 1343 Flectuut
314 1282 404 1343 Icarii
414 1281 518 1343 sideru
528 1281 618 1343 sard·
627 1283 730 1345 boves.

73 1375 100 1428 ιι
121 1365 220 1426 Lentu
231 1367 326 1427 bibis:
347 1363 837 1446 medirenequeuntteiruugere
850 1373 968 1430 noctes.

160 1448 354 1513 Annondum
365 1456 414 1511 et
422 1449 502 1513 tulos
512 1451 638 1512 mittere
648 1449 729 1511 lusu
738 1449 867 1512 manus?

119 1533 170 1593 Ah
180 1540 299 1612 pereat,
310 1535 494 1613 quicumque
504 1553 641 1596 merscss
652 1536 794 1616 repperit
804 1554 875 1594 uuus

158 1616 369 1694 ,corrupitque
379 1617 476 1677 boues
488 1623 616 1677 nectare
627 1619 744 1697 primus
756 1617 863 1696 equus!

117 1698 206 1758 [oure
218 1696 378 1776 Cecropiis
389 1699 500 1761 merito
510 1696 647 1776 iugulate
660 1698 787 1776 colonis,

74 1776 102 1845 to
164 1780 349 1860 Pampiueus
359 1781 442 1840 nosti
453 1800 543 1860 quum
553 1780 595 1842 sit
606 1797 724 1843 omerus
736 1780 822 1845 odor.

118 1864 169 1924 Tu
181 1863 497 1943 quoqueoliurytiou
506 1865 577 1926 vino
589 1864 745 1927 Centaure
756 1867 878 1946 peristi,

158 1948 297 2008 Necnon
306 1947 433 2009 ismario
444 1953 488 2026 tu,
498 1947 701 2029 Polypheme,
716 1967 812 2012 mero.

118 2031 199 2092 Vino
210 2030 310 2090 formu
319 2031 413 2111 perit,
425 2032 495 2094 sino
508 2033 716 2112 corrumpitur
726 2039 822 2112 uetus,

158 2113 238 2176 Vino
247 2133 341 2194 ssepe
353 2135 440 2177 suum
450 2117 552 2179 nescit
562 2116 658 2177 arnico
668 2117 774 2179 virum.

74 2205 98 2258 ἰι
118 2196 173 2256 Me
184 2199 338 2276 miserum,
350 2205 385 2259 ut
395 2197 492 2260 multo
503 2199 583 2260 nihil
594 2205 643 2261 est
653 2207 767 2263 mutate
776 2200 896 2281 Lyaeo!

114 2296 124 2336 ·.
157 2280 319 2341 lumbibe:
339 2281 535 2342 formose:
554 2281 750 2343 niltibirins
761 2292 885 2362 nocent,

116 2363 194 2423 Cum
208 2369 262 2422 tus
268 2361 486 2442 praependent
496 2362 647 2426 demissae
657 2367 691 2424 in
700 2365 811 2445 poculo
821 2373 924 2428 sertae

156 2444 749 2526 Etmesdeductu-osrminsuocelegis.

114 2527 245 2606 Largius
256 2530 354 2595 effuso
366 2528 488 2593 madeat
497 2530 556 2592 tibi
565 2549 671 2595 mensu
679 2528 826 2612 Falerno,

75 2621 98 2670 ‚o
159 2610 742 2691 Spumetetourstomolliusinooiioe.

118 2692 213 2755 Nullo
222 2701 326 2755 tumen
334 2694 418 2757 lecto
429 2695 664 2776 resipitsesolu
672 2696 825 2779 libenter:

96 2812 100 2821 ·
157 2779 217 2840 Est
227 2778 382 2858 quiddam,
395 2777 477 2858 quod
486 2798 541 2841 vos
555 2798 705 2859 quaerere
716 2788 806 2859 oogst
816 2785 919 2845 Amor.

118 2860 249 2943 Semper
260 2863 293 2925 iu
302 2865 439 2924 uisentis
451 2860 579 2925 ielioior'
586 2869 688 2935 aestus
698 2871 848 2926 amentes:

157 2943 268 3006 Elevut
281 2947 418 3009 ossiduos
430 2949 518 3028 copie
527 2944 619 3026 longo
630 2948 720 3010 viros.
736 3005 739 3012 .

75 3077 102 3170 2
119 3075 188 3173 Cur
195 3113 471 3192 quisqruofaciem
478 3113 684 3176 dominseiam
691 3114 792 3176 eredit
799 3115 917 3178 smiooi
928 3080 983 3173 34

159 3194 211 3255 Sic
222 3203 331 3277 erepto
340 3197 417 3257 mihi
427 3216 524 3278 poene
535 3197 639 3278 puello
648 3216 717 3258 meo
727 3204 784 3261 est.
799 3242 802 3249 .

80 3308 98 3335 .-
117 3278 272 3358 Expertus
285 3279 466 3358 dieo,uemo
478 3283 570 3343 estin
583 3300 686 3342 amore
698 3280 817 3359 fidelis:
890 3312 893 3317 ·

157 3363 337 3425 Formosum
349 3384 421 3424 raro
430 3382 492 3425 non
502 3366 562 3437 sibi
575 3364 704 3447 quisque
714 3368 804 3446 petit.

78 3454 96 3505 5
117 3443 235 3509 Polluit
245 3445 300 3509 ille
313 3446 388 3509 deus
402 3455 558 3528 cognitos,
568 3447 660 3511 solvit
670 3451 782 3511 amieos
900 3478 903 3483 ·
