2174 3826
84 224 131 289 42
245 173 249 183 ·
386 216 764 284 PROPERTII'

172 391 244 452 Sive
255 391 323 468 vagi
335 391 438 449 crines
449 390 535 468 puris
546 389 579 446 in
589 386 745 448 frontibus
757 396 877 467 errant,

116 485 151 539 10
211 473 316 534 Indica
328 493 404 553 quos
415 471 517 531 medio
530 472 649 530 vertice
662 489 781 547 gemma
790 476 893 535 tenet.

171 559 257 634 Quae
268 559 295 617 si
305 558 389 617 forte
401 554 517 634 aliquid
526 553 613 614 vultu
624 554 698 612 mihi
711 553 789 613 dura
799 549 940 638 negarat,

100 664 103 668 ’
209 641 337 719 Frigida
349 639 389 699 de
400 646 466 700 tota
476 640 581 700 fronte
592 637 724 697 cadebat
735 657 824 716 aqua.

170 726 312 801 Quaeris,
323 725 537 803 Demophoon,
549 742 604 781 cur
615 723 672 781 sim
683 729 744 780 tam
755 720 862 782 mollis
872 724 907 783 in
917 724 1007 786 omrai

214 806 304 885 Quod
318 810 441 885 quaeris
453 809 555 882 Quare
567 825 629 865 nou
640 807 735 865 habet
745 803 829 864 ullius
841 827 935 871 amor.

115 900 150 952 15
171 893 235 952 Gur
248 890 358 968 aliquis
370 892 466 950 sacris
477 890 573 949 laniat
584 909 638 947 sua
649 889 776 949 brachia
787 889 898 951 cultris

207 976 250 1035 Et
260 974 394 1052 Phrygis
408 975 532 1033 insanos
544 972 685 1032 caeditur
695 971 734 1030 ad
745 977 917 1035 numeros?

54 1112 62 1127 ,
167 1057 342 1136 Unicuique
355 1056 443 1117 dedit
453 1058 561 1117 vitium
571 1063 681 1115 natura
693 1062 816 1114 creato:

208 1143 256 1203 Mi
267 1142 396 1202 fortuna
408 1139 524 1220 aliquid
535 1159 658 1219 semper
671 1158 772 1198 amare
785 1138 892 1200 dedit:

167 1227 222 1288 Me
233 1225 310 1286 licet
321 1233 354 1286 et
366 1227 541 1304 Thamyrae
553 1226 688 1284 cantoris
698 1223 763 1283 fatu
774 1231 952 1304 sequantur,

110 1320 149 1370 20
211 1310 384 1386 Numquam
400 1309 438 1368 ad
449 1310 610 1386 formosas,
622 1307 737 1386 invide,
749 1327 861 1367 caecus
873 1328 936 1371 cro.

168 1389 231 1450 Sed
241 1392 301 1449 tibi
313 1393 340 1449 si
353 1391 452 1451 exiles
463 1392 572 1451 videor
582 1397 725 1450 tenuatus
736 1392 769 1451 in
782 1399 880 1470 artus,

206 1471 357 1533 Falleris:
379 1473 462 1533 haud
477 1494 618 1552 umquam
630 1482 680 1534 est
692 1473 775 1535 culta
784 1474 895 1536 labore
907 1476 999 1540 Venus.

165 1558 358 1631 Percontere
368 1557 462 1618 licet:
479 1577 571 1639 saepe
584 1565 633 1618 est
644 1566 772 1638 experta
782 1558 892 1639 puella

208 1643 353 1704 Officium
364 1649 430 1704 tota
440 1650 533 1705 nocte
544 1643 649 1704 valere
663 1662 773 1704 meum.

111 1736 148 1790 25
168 1727 309 1808 Iuppiter
318 1728 486 1789 Alcmenae
498 1731 633 1808 geminas
644 1730 844 1808 requieverat
855 1731 963 1789 Arctos

207 1813 249 1872 Et
261 1807 381 1872 caelum
392 1820 486 1872 noctu
497 1815 545 1872 bis
556 1816 624 1873 siue
634 1833 710 1891 rege
721 1814 791 1889 fuit,

164 1895 230 1954 Nec
241 1902 344 1954 tamen
355 1895 473 1955 idcirco
484 1894 634 1973 languens
647 1896 685 1955 ad
696 1895 826 1955 fulmina
838 1900 941 1958 venit:

206 1977 314 2037 Nullus
326 1998 411 2037 amor
421 1979 503 2036 vires
515 1985 611 2056 errprt
621 1997 689 2058 lpse
701 1999 779 2038 suas.

165 2059 277 2132 Quid?
291 2078 358 2114 cum
370 2054 388 2114 e
399 2057 561 2134 complexu
571 2058 732 2115 Briseidos
743 2062 806 2117 iret
818 2063 968 2142 Achilles,

107 2147 146 2200 30
205 2139 285 2197 Num
295 2139 405 2213 fugere
416 2139 515 2196 minus
528 2136 681 2197 Thessala
693 2138 756 2197 tela
769 2141 941 2219 Phryges?

163 2220 267 2298 Quid?
304 2221 391 2281 ferus
419 2218 653 2282 Andromachae
682 2219 767 2280 lecto
795 2241 865 2281 cum
896 2243 1007 2310 surgere

642 2307 772 2384 Hector,

204 2389 292 2452 Bella
297 2390 492 2472 Mycenaeae
506 2411 569 2451 non
579 2391 711 2451 timuere
723 2391 830 2450 rates?

162 2473 220 2536 llle
231 2476 282 2537 vel
292 2479 343 2537 hic
355 2476 470 2536 classes
481 2482 606 2554 poterat
615 2475 666 2535 vel
677 2474 813 2554 perdere
825 2496 941 2542 muros.

202 2562 263 2620 Hic
278 2580 335 2637 ego
347 2558 484 2633 Pelides,
497 2559 549 2615 hio
560 2558 646 2617 ferus
658 2560 779 2618 Hector
790 2578 856 2638 ego.

108 2650 143 2704 35
164 2643 290 2722 Aspice,
304 2643 349 2699 uti
361 2638 448 2698 caelo
459 2638 551 2698 modo
564 2640 611 2700 rol
621 2642 712 2701 modo
722 2641 796 2702 luna
806 2645 978 2706 ministret:
997 2658 1001 2667 ·

203 2727 256 2785 Sic
268 2726 360 2784 etiam
371 2724 460 2781 nobis
472 2743 532 2782 una
541 2722 648 2802 puella
657 2746 765 2805 parum
777 2733 834 2787 est.

162 2808 273 2868 Altera
287 2826 335 2865 me
348 2805 467 2885 cupidis
479 2814 586 2866 teneat
596 2810 761 2886 foveatque
771 2810 911 2889 lacertis,

202 2889 312 2948 Altero
323 2890 349 2947 si
361 2890 482 2967 quando
494 2910 557 2950 non
569 2893 643 2950 sinit
654 2910 723 2950 esse
734 2890 847 2971 locum,

160 2974 223 3032 Aut
234 2973 261 3032 si
271 2973 355 3031 forte
365 2974 445 3032 irata
454 2992 522 3032 meo
534 2975 575 3033 sit
585 2974 667 3037 facta
677 2975 829 3055 ministro,

107 3061 142 3116 40
204 3057 248 3117 Ut
258 3058 335 3116 sciat
347 3075 415 3116 esse
427 3057 526 3135 aliam,
539 3075 617 3135 quoe
628 3057 704 3118 velit
715 3078 784 3118 esse
796 3078 872 3123 mea.

160 3140 237 3198 Nam
248 3139 357 3201 melius
369 3140 428 3200 duo
441 3140 613 3201 defendunt
624 3142 796 3202 retinacula
806 3145 918 3222 navim,

202 3223 313 3282 Tutius
325 3231 359 3284 et
370 3227 507 3303 geminos
519 3226 606 3285 anxia
616 3232 715 3286 mater
727 3226 790 3286 alit.

90 3353 147 3448 lll
162 3355 228 3449 Aut
239 3392 265 3449 si
277 3409 310 3449 es
322 3388 408 3468 dura,
420 3410 513 3468 nega:
537 3392 584 3449 rin
596 3410 630 3450 es
641 3412 704 3452 non
715 3392 801 3469 dura,
812 3395 927 3456 venito.

120 3498 128 3513 ·
201 3473 283 3551 Quid
293 3475 376 3536 iurat
386 3476 419 3535 iu
429 3473 516 3535 nullo
527 3494 646 3556 ponere
658 3477 752 3535 verba
762 3473 856 3536 loco?
