2220 3846
62 3518 110 3624 ἱ

149 213 193 276 64
446 202 807 269 PROPERTII

235 375 429 456 Hum'i'daque
439 376 580 455 inpressa
591 373 725 433 siccabat
733 368 850 431 lumina
858 368 943 449 lana,
973 380 978 387 “

274 459 409 521 Rettulit
417 465 451 519 et
462 455 592 536 querulo
603 458 703 533 iurgia
712 461 819 515 nostra
830 454 938 514 anuui-
1029 512 1032 517 .

237 546 334 606 ‘Haec
344 551 377 604 te
386 537 773 620 testemihipromisiaeet,
783 537 953 618 Lygdum,
964 541 1093 604 meroen?

181 639 217 690 20
278 629 336 688 Est
349 644 468 707 poenae
479 643 568 685 serva
579 641 725 702 rumpere
735 628 818 682 teste
827 620 933 685 fidem.

237 710 294 771 lile
303 717 408 791 potest
417 708 504 769 nullo
515 709 659 768 miseram
669 725 718 781 me
728 705 872 785 linquere
883 707 980 786 facto,

275 793 445 874 Aequalem
456 791 542 854 nulla
552 791 658 851 dicere
669 792 786 850 habere
798 789 899 851 domn.

237 878 360 939 Gaudet
371 895 421 936 me
430 895 525 936 vanua
536 874 633 934 aulam
643 875 805 934 tabescere
815 872 910 936 lectu.

277 961 311 1021 Si
321 959 434 1040 placet,
446 957 585 1037 insultet,
595 957 761 1036 Lygdum,
772 964 873 1018 marte
885 976 965 1022 mea.

182 1055 217 1106 25
237 1044 306 1105 Non
316 1045 513 1104 membribus
523 1041 586 1120 illa,
598 1040 655 1101 red
664 1042 771 1101 herbis
777 1043 923 1123 'improba
932 1044 1023 1105 viait:

278 1128 432 1188 staminea
442 1127 564 1187 rhombi
576 1124 698 1186 ducitur
707 1124 764 1184 ille
774 1131 852 1188 rota.

237 1210 326 1274 lllum
336 1212 490 1289 turgentis
502 1227 595 1270 ranae
605 1214 751 1289 portenta
761 1211 891 1270 rubetae

278 1297 320 1358 nt
329 1294 413 1356 lecta
424 1295 540 1355 exectis
551 1295 698 1372 anguibus
710 1312 779 1353 uasa
787 1294 924 1356 trabunt.

237 1380 279 1440 Et
290 1381 395 1455 strigis
405 1380 548 1438 iuventae
559 1395 617 1455 per
628 1379 718 1437 busta
728 1377 861 1437 iacentia
871 1376 1005 1457 plumae,

183 1471 219 1524 30
282 1463 452 1540 Cinctaque
462 1461 587 1520 funesta
597 1459 686 1520 lanea
696 1462 772 1520 vitta
782 1466 863 1523 turn.

238 1546 272 1605 Si
281 1564 344 1604 uon
353 1564 429 1604 vana
440 1550 553 1604 canunt
562 1563 630 1604 mea
641 1545 768 1622 somnia,
779 1542 947 1624 Lygdum,
959 1552 1062 1624 tentor,

278 1629 383 1689 Poena
393 1630 455 1688 erit
465 1635 537 1688 aute
547 1647 632 1688 meon
643 1647 723 1705 sera,
735 1627 792 1688 aed
802 1629 911 1708 ampla,
921 1628 1029 1710 pedes,

238 1713 342 1772 Putris
354 1714 429 1772 etin
441 1732 534 1773 vacuo
545 1717 670 1772 texetur
680 1729 792 1771 aranea
801 1712 901 1774 lecto:
980 1738 983 1743 ¹

278 1795 426 1855 Noctibus
437 1795 560 1855 illarum
575 1794 708 1856 dormiet
717 1797 785 1874 ipsa
794 1796 924 1858 Venus?

178 1889 217 1942 35
240 1881 324 1956 Quae
338 1880 396 1940 tibi
407 1881 435 1938 ni
445 1880 528 1939 veris
539 1880 648 1939 animis
658 1885 708 1939 est
720 1886 829 1958 questa
838 1879 956 1960 puella,

277 1964 344 2023 Hac
355 1961 464 2023 eadem
473 1982 591 2041 rursus,
602 1961 768 2042 Lygdum,
781 1965 932 2025 currerit

237 2047 279 2108 Et
291 2064 362 2106 mea
372 2065 439 2105 eum
449 2044 555 2106 multis
565 2045 701 2107 lacrimis
712 2045 854 2107 mandata
864 2055 1003 2128 reporta,

278 2127 904 2205 iram,nouiuaudesesseiuamnremeu.
979 2177 986 2191 .

238 2213 293 2273 Me
305 2229 428 2290 quaque
439 2211 591 2272 consimili
602 2215 769 2294 inpositum
778 2216 960 2293 torquerier
969 2216 1033 2294 igni

181 2304 220 2358 40
279 2295 388 2355 iurabo
399 2300 433 2355 et
442 2297 490 2356 bis
501 2316 554 2357 rex
565 2300 688 2375 integer
700 2316 769 2358 enea
780 2297 856 2361 dier.

238 2377 328 2455 Quod
339 2380 413 2441 mihi
424 2380 451 2440 ni
462 2387 547 2441 tauta
559 2381 634 2442 felix
645 2380 811 2442 cuncordia
820 2380 906 2443 bella

278 2464 437 2541 Extiterit,
451 2483 579 2543 perure,
590 2464 849 2545 Lygdameqliber
860 2468 934 2530 eris.

151 2632 158 2639 ’
193 2591 642 2712 iiErgonollicitaetuaausa‚
656 2636 797 2713 pecnnia,
807 2636 952 2696 vitaeer:
990 2611 997 2617 ’
1078 2595 1096 2685 i

277 2712 339 2772 Per
350 2719 382 2774 te
393 2715 577 2776 inmaturum
586 2720 695 2779 mortis
707 2717 824 2779 adimus
834 2721 906 2780 iter.

238 2795 287 2856 Tu
297 2798 380 2857 vitiis
391 2798 545 2860 huminum
557 2800 695 2862 crudelia
704 2802 816 2882 pabula
827 2803 976 2883 praebes:

278 2880 401 2941 Semina
413 2904 554 2945 curarum
565 2884 605 2946 de
616 2888 718 2965 capite
729 2893 798 2946 urta
808 2894 872 2946 tun.

198 2971 215 3022 5
238 2962 288 3022 Tu
298 2964 426 3026 Paetum
438 2967 476 3027 ad
486 2968 616 3027 Pharios
627 2970 811 3030 tendentem
821 2970 920 3030 lintea
931 2976 1042 3051 partus

277 3050 389 3110 Obruis
400 3053 506 3111 insano
518 3058 630 3128 terque
641 3060 813 3133 quaterque
824 3054 910 3114 mari.

234 3131 310 3191 Nam
323 3131 395 3193 dum
407 3140 440 3194 te
450 3134 601 3212 sequitur,
612 3137 712 3214 primo
724 3140 819 3198 miser
831 3135 948 3198 exciuit
959 3154 1035 3198 aava

274 3217 316 3277 Et
326 3235 404 3276 nova
413 3214 591 3294 longinquis
601 3220 737 3297 piscibus
748 3241 821 3282 esea
831 3226 928 3298 natat,

218 3304 224 3331 ³
232 3299 275 3358 Et
285 3306 384 3358 mater
394 3317 456 3357 nou
467 3300 547 3359 iusta
557 3302 626 3378 piae
638 3301 712 3365 dare
725 3304 831 3367 debita
842 3310 949 3366 terrae

181 3389 215 3440 10
276 3381 342 3440 Nec
353 3385 427 3458 pute
439 3390 583 3461 cognatos
595 3387 678 3448 inter
689 3390 817 3450 humare
830 3408 935 3468 rogos,

233 3459 297 3523 Sed
311 3468 363 3521 tua
374 3482 455 3526 nunc
468 3466 607 3531 uolucres
619 3480 720 3535 autaut
730 3492 827 3555 nuper
837 3492 907 3534 ossa
917 3473 1069 3551 marinae,
