2220 3846
123 224 164 285 m
306 177 312 190 ’
420 215 782 279 rnornnru

137 437 189 532 2l
210 435 273 548 Tu,
285 471 338 550 qui
350 475 525 530 consortem
535 487 685 550 properas
697 465 831 527 evadere
843 487 958 549 cusum,

247 554 343 616 Miles
356 556 393 616 a'b
404 555 544 615 Etruscis
556 553 676 612 saucius
688 552 862 631 aggeribus,
903 552 906 557 ’

208 639 290 715 Quid
301 645 407 699 nostra
420 639 536 716 gemitu
547 637 704 714 turgentia
713 633 830 694 luminu
841 641 996 718 torques‘.²

249 724 326 783 Pars
338 743 396 802 ego
408 742 475 781 snm
484 727 607 781 vestrae
617 721 756 800 proximu
767 718 906 790 militiae.

170 817 186 866 5
209 807 261 867 Sic
271 813 305 866 te
316 812 450 882 servato,
460 811 495 864 ut
501 805 626 884 possint
637 802 773 882 gaudere
784 814 943 885 parentes,

66 891 68 897 ⁴
248 891 314 950 Nec
326 909 415 949 saror
428 896 494 948 acta
504 890 566 947 tuis
577 884 876 949 sentiatelacrimis.

210 973 334 1034 Gallum
343 992 402 1054 per
412 971 531 1032 medias
542 977 685 1057 ereptum
697 971 839 1032 Caesaris
852 992 944 1034 enses

248 1058 396 1136 Effugere
407 1059 526 1135 ignotas
537 1075 599 1115 non
609 1056 749 1135 potuisse
760 1075 876 1135 mann,

207 1143 249 1201 Et
260 1159 469 1221 quaecumque
481 1159 575 1219 super
587 1139 728 1219 dispersa
737 1141 894 1201 invenerit
903 1161 973 1202 ossa

154 1235 188 1286 10
248 1227 408 1287 Montibus
419 1225 570 1301 Etruscis,
583 1225 661 1284 bace
673 1225 750 1284 sciat
760 1242 831 1284 esse
841 1244 919 1287 mea.

71 1466 72 1470 Ἰ
138 1359 194 1452 22
211 1357 321 1460 (luciis
333 1399 366 1452 et
377 1392 459 1451 unde
471 1410 577 1470 genus,
590 1393 642 1470 qni
649 1393 712 1452 sint
719 1393 804 1470 mihi,
817 1391 924 1472 Tulle,
935 1394 1081 1471 Penates,

250 1478 380 1554 Quaeris
391 1496 449 1556 pra
461 1482 566 1535 nostra
578 1493 700 1555 semper
713 1478 853 1538 amicitia.

209 1561 242 1621 Si
252 1562 404 1621 Perusina
414 1560 472 1620 tibi
482 1561 601 1640 patriae
613 1567 685 1620 sunt
695 1567 769 1620 nota
781 1559 936 1640 sepulcra,

248 1645 354 1705 ltaliae
367 1644 452 1704 duris
463 1644 574 1704 funera
583 1646 786 1723 temporibus,

171 1739 187 1789 5
209 1729 286 1789 (lum
299 1731 435 1790 Romana
446 1748 517 1788 suas
529 1729 594 1806 egit
604 1724 760 1788 discordia
772 1730 861 1789 cives.

249 1807 320 1898 (Sit
330 1815 406 1874 mibi
415 1814 583 1893 praecipue
594 1810 695 1891 pulvis
705 1812 839 1874 Etrusca
851 1812 956 1874 dolor:

209 1898 259 1958 'l'u
269 1900 410 1978 proiecta
420 1899 482 1957 mei
492 1914 641 1976 perpessa
653 1914 687 1955 es
698 1899 837 1957 membra
846 1897 1029 1978 propinqui,

249 1983 300 2059 Tu
309 1982 397 2043 nulla
409 1983 515 2040 miseri
528 1981 666 2058 contegis
679 1998 748 2040 assa
758 1978 826 2041 solo
852 2025 860 2059 ,

207 2066 350 2127 Proxima
361 2066 519 2145 suppasito
533 2066 714 2142 contingens
725 2064 854 2127 Umbrra
865 2084 972 2145 campo

157 2159 190 2210 10
250 2151 305 2211 Me
318 2152 425 2228 genuit
436 2150 531 2208 terris
542 2148 657 2208 fertilis
671 2149 827 2212 uberibus.

447 2292 752 2302 -—-—-—-——.-·-

242 2360 965 2493 sumraarnaurr

432 2549 770 2644 ELEGllRUll

300 2704 899 2769 urnnnsncnunns

167 2860 189 2950 l
210 2858 380 2971 lluaeritis,
395 2897 477 2955 unde
489 2899 565 2957 mihi
575 2901 692 2959 totiens
704 2898 880 2958 scribantur
890 2914 1026 2973 amores,

245 2976 337 3038 Unde
348 2997 434 3038 meus
445 2983 549 3041 veniat
559 2981 663 3043 mallis
674 2984 708 3042 in
720 3001 774 3041 ora
783 2979 877 3042 liber.

204 3061 275 3121 Non
285 3062 362 3122 baec
374 3060 527 3143 Calliope,
538 3087 601 3126 nan
611 3069 688 3127 haec
699 3067 777 3126 mihi
789 3069 892 3124 cantat
903 3062 1032 3143 Apollo,

245 3145 404 3224 Ingenium
415 3150 504 3209 nubis
516 3152 582 3229 ipsa
592 3148 698 3231 puella
708 3151 793 3210 facit.

168 3237 184 3288 5
206 3228 278 3289 Sive
288 3227 376 3308 lyrae
389 3252 513 3293 carmen
525 3233 630 3312 digitis
638 3235 794 3314 percussit
806 3234 944 3309 eburnis,
1066 3239 1081 3292 9

245 3314 406 3392 Miramur,
419 3316 529 3378 faciles
543 3325 578 3378 ut
588 3325 709 3397 premnt
721 3324 789 3379 arte
800 3336 923 3377 manus:
1052 3325 1082 3376 lt

203 3396 265 3458 Seu
276 3399 339 3459 vidi
351 3400 390 3460 ad
399 3401 536 3462 frontem
547 3421 670 3481 sparsas
683 3419 791 3463 errare
805 3399 945 3481 capillos,
1066 3427 1081 3479 7

245 3483 369 3546 Gaudet
378 3482 511 3547 laudatis
522 3487 570 3545 ire
582 3489 716 3566 superba
727 3488 839 3548 comis:
1064 3495 1080 3550 8
