2220 3846
94 223 115 285 6
392 216 756 280 PROPERTII

138 435 164 528 6
179 430 254 529 Non
266 486 324 546 ego
336 487 416 528 nunc
428 467 565 528 Hadriae
576 486 688 528 vereor
699 487 783 528 mare
794 488 927 531 noscero
939 479 1054 555 tecum,

221 550 326 630 Tulle,
338 571 440 630 neque
452 552 576 629 Aegaeo
590 550 705 612 ducere
716 550 785 612 vela
796 552 872 630 salo,

178 637 257 697 Cum
268 656 328 715 quo
340 636 495 715 Rhipaeos
506 636 623 715 possim
634 636 845 696 conscendere
857 646 979 700 montes

219 719 421 798 Ultorinsque
435 718 541 779 domos
552 716 667 779 vadere
678 721 890 796 Memnoniar3

141 812 158 864 5
179 803 244 868 Sed
256 822 305 863 me
318 802 497 882 complexae
509 810 705 863 remorantur
716 806 811 864 verba
821 804 957 884 puellae,

217 887 402 964 Mutatoque
414 905 521 964 graves
533 905 626 966 saepe
638 887 744 947 colore
754 907 875 968 preces.

177 968 233 1030 llla
243 971 319 1031 milri
329 971 404 1038 totis
418 976 540 1048 argutat
550 971 692 1030 noctibus
704 973 793 1050 ignes

217 1055 260 1113 Et
271 1054 412 1133 queritur
422 1050 525 1113 nullos
537 1072 606 1113 esse
617 1055 727 1116 relicta
739 1054 824 1133 deos,

175 1136 231 1199 llla
242 1156 340 1197 meam
350 1139 426 1197 mihi
437 1139 498 1197 iam
508 1156 542 1197 se
554 1136 698 1216 denegat,
708 1139 761 1198 illa
772 1140 914 1219 minatur,
1017 1184 1018 1187 ,
1064 1172 1066 1176 ·

125 1231 159 1284 10
220 1222 305 1298 Quae
316 1218 399 1281 solet
409 1223 529 1300 ingrato
544 1223 643 1282 tristis
659 1224 754 1282 amica
766 1225 842 1286 viro.
1000 1287 1003 1293 ,

176 1306 234 1365 His
247 1324 304 1383 ego
315 1325 378 1365 non
388 1306 496 1365 horam
506 1326 630 1385 possum
644 1304 756 1366 durare
769 1307 936 1386 querellis:

217 1389 267 1447 Ah
277 1394 398 1469 pereat,
412 1390 439 1447 si
451 1391 520 1467 quis
531 1387 636 1449 lentus
648 1409 750 1450 amare
761 1395 881 1471 potest!

175 1472 226 1532 An
237 1473 312 1532 mihi
326 1473 366 1532 sit
378 1472 457 1531 tanti
469 1470 574 1532 doctas
587 1493 776 1551 cognoscere
787 1478 926 1538 Athenas
1018 1504 1023 1510 ’
1049 1549 1051 1557 ¹

214 1556 318 1635 Atque
329 1556 422 1615 Asiae
432 1562 558 1616 veteres
570 1576 702 1621 cernere
713 1558 845 1637 divitias,

124 1645 157 1700 15
178 1637 221 1700 Ut
231 1640 307 1699 mihi
318 1638 450 1700 deducta
461 1640 556 1702 faciat
567 1643 704 1704 convicia
713 1645 810 1724 puppi

215 1723 350 1802 Cynthia
361 1729 394 1786 et
403 1725 518 1786 insanis
531 1747 585 1787 ora
595 1734 685 1788 notet
696 1730 845 1808 manibus,

176 1805 351 1889 Osculaque
363 1811 505 1889 opposito
518 1810 601 1871 dicat
614 1813 674 1873 sibi
686 1811 792 1873 debita
801 1820 894 1873 vento

214 1894 257 1955 lat
267 1893 345 1954 nihil
356 1894 451 1953 infido
464 1893 570 1955 durius
583 1913 652 1955 esse
663 1897 753 1956 riro‘.l

175 1977 225 2036 Tu
234 1979 336 2057 patrui
348 1980 474 2038 meritas
486 1998 599 2039 conare
611 1982 732 2039 anteire
743 1999 869 2040 securos

111 2066 157 2121 20
217 2061 260 2122 Et
269 2069 376 2121 vetera
388 2060 494 2122 oblitis
505 2065 573 2123 iura
583 2064 670 2122 refer
681 2064 782 2122 sociis.

174 2143 252 2205 Nam
261 2151 314 2205 tua
324 2165 387 2205 non
397 2154 481 2207 aetas
492 2166 635 2226 umquam
646 2146 778 2204 cesavit
789 2148 896 2223 amori,

216 2228 346 2309 Semper
357 2236 390 2289 et
403 2238 537 2291 armatae
548 2249 623 2288 eura
632 2229 692 2288 fuit
702 2229 832 2308 patriae,

85 2318 90 2337 “
173 2311 216 2372 Et
226 2314 284 2373 tibi
294 2332 358 2374 non
367 2334 510 2394 umquam
520 2319 644 2374 nostros
655 2331 734 2393 puer
744 2313 805 2373 iste
817 2312 939 2373 labore
1044 2318 1049 2325 '

214 2395 347 2458 Adferat
358 2405 391 2457 et
401 2397 536 2459 laerimi
547 2399 649 2458 omnia
659 2405 734 2458 nota
744 2400 831 2459 meis.

120 2486 155 2539 25
175 2478 230 2541 Me
243 2482 321 2561 sine,
336 2501 428 2560 quem
439 2501 563 2561 semper
573 2481 671 2542 voluit
680 2483 806 2540 fortuna
816 2483 930 2558 iacere,

213 2565 303 2623 Hanc
317 2565 448 2622 animam
458 2570 616 2622 extremae
627 2562 764 2623 reddere
776 2565 943 2642 nequitiae.

172 2646 267 2708 Multi
277 2646 447 2725 longinquo
458 2647 584 2726 periere
595 2647 629 2705 in
640 2665 744 2706 amore
754 2645 901 2724 libenter,
1022 2647 1026 2725 J

214 2731 249 2791 ln
260 2750 390 2811 quorum
404 2750 533 2792 numero
545 2750 594 2790 me
607 2751 730 2811 quoque
741 2738 827 2791 terra
838 2736 931 2808 tegat.

172 2813 242 2874 Non
253 2832 310 2893 ego
323 2836 390 2875 sum
399 2814 496 2895 laudi,
507 2836 571 2876 non
580 2821 671 2875 natus
682 2815 812 2875 idoneus
824 2816 931 2873 armis:

119 2905 154 2958 30
213 2898 302 2957 Hanc
313 2917 362 2957 me
373 2898 514 2958 militiam
524 2900 588 2956 fata
599 2899 704 2956 subire
715 2897 829 2956 volunt.

173 2981 215 3041 At
225 2987 260 3040 tu
271 2999 327 3041 seu
338 2978 441 3042 mollis
454 3000 513 3058 qua
523 2978 626 3039 tendit
636 2979 722 3039 [onia
733 2999 788 3040 seu
799 3000 858 3059 qua

213 3061 312 3143 Lydia
324 3062 444 3123 Pactoli
454 3064 547 3140 tingit
559 3069 643 3123 arata
654 3065 768 3143 liquor,

173 3146 237 3207 Seu
246 3147 378 3227 pedibus
389 3154 491 3207 terras
502 3165 558 3208 seu
569 3155 698 3228 pontum
709 3167 839 3230 carpere
850 3151 943 3208 remis

128 3233 132 3241 '
212 3231 274 3290 Ibis
286 3239 319 3291 et
330 3233 449 3312 accepti
459 3252 532 3312 pars
544 3234 607 3293 eris
621 3234 756 3313 imperii,
842 3222 854 3242 ⁹

118 3321 152 3376 35
175 3312 256 3375 Tum
269 3317 328 3375 tibi
339 3317 365 3375 si
377 3336 436 3395 qua
446 3320 507 3378 mei
518 3319 623 3377 veniet
634 3337 697 3376 non
707 3319 859 3377 inmemor
870 3319 958 3394 hora,

212 3397 329 3460 Vivere
340 3419 389 3460 me
401 3399 478 3462 duro
491 3399 595 3462 sidere
607 3408 710 3461 certus
722 3402 794 3461 eris.

471 3508 672 3519 ——-
