2220 3846
64 3578 94 3616 λ’

151 234 192 302 76
448 224 816 296 PROPERTIJ

233 400 277 463 Ut
287 400 362 459 mihi
372 401 552 478 praetextae
563 392 664 474 pudor
676 397 723 452 est
734 390 855 451 vel'atns
868 393 1007 475 amictu,-

273 485 315 546 Et
326 479 536 541 datalibertas
547 495 679 537 noscere
690 477 803 535 amoris
815 475 890 553 iter,
1098 472 1100 483 '

196 576 213 630 5
234 564 291 628 ma
301 565 396 625 rudes
408 565 524 624 animos
535 580 593 642 per
603 566 712 620 noctes
725 560 848 619 conscia
859 561 977 639 primos
1006 631 1013 640 ‚
1098 562 1100 567 '

275 651 378 710 lnbnit
387 651 450 707 heu
461 645 555 705 nullis
567 650 656 725 capta
665 643 805 722 Lycinna
815 642 907 705 datis.

235 734 362 795 Tertius
373 731 455 792 hand
466 728 563 789 multo
575 729 674 787 minus
686 732 735 787 est
745 746 814 786 cnm
825 726 952 788 ducitur
962 733 1063 790 ainus:

274 817 335 878 Vix
345 817 470 875 memini
483 814 573 873 nobis
584 813 679 871 verba
690 812 790 870 coisse
802 810 922 872 decem.

234 901 352 960 (iuncta
363 906 433 957 tuus
444 894 589 976 sepelivit
600 913 694 973 amor,
706 913 765 954 neo
776 895 893 954 femina
902 903 974 976 post
984 903 1016 957 te

181 992 215 1046 10
275 980 350 1042 Ulla
361 980 449 1040 dedit
460 979 539 1039 collo
552 977 654 1038 dulcia
663 976 763 1037 vincla
773 995 854 1040 meo.

201 1098 211 1106 -
234 1066 340 1126 'l'estis
351 1066 413 1124 erit
423 1064 516 1123 Dirce
528 1068 590 1122 tam
600 1079 674 1122 vcro
688 1063 817 1121 crimine
829 1079 931 1140 saeva,

272 1152 408 1228 Nycteos
422 1149 580 1226 Antiopen
593 1147 773 1205 accubuisse
783 1145 878 1224 Lyco.

233 1234 438 1313 Ahqnotiens
448 1228 597 1310 pulchros
608 1231 687 1288 ussit
697 1231 806 1306 regina
817 1225 960 1307 capillos,

274 1314 448 1393 Molliaque
459 1315 620 1373 inmittens
631 1312 699 1372 fixit
709 1313 743 1371 in
754 1327 809 1371 ora
819 1314 944 1371 manns!
988 1342 991 1346 ·

180 1406 213 1461 15
233 1400 284 1458 Ah
296 1399 439 1476 quotiens
453 1395 598 1455 famulam
608 1396 713 1475 pensis
728 1395 868 1454 oneravit
877 1396 1003 1475 iniquis,

136 1532 149 1546 .
272 1481 314 1541 Et
326 1485 417 1559 capnt
430 1481 463 1538 in
475 1479 551 1539 dura
562 1496 681 1558 ponere
692 1479 783 1538 iussit
792 1478 904 1538 humo!

232 1565 332 1645 Saepe
342 1561 430 1624 illam
440 1561 594 1623 inmundis
604 1580 694 1642 passa
704 1570 754 1621 est
763 1562 907 1622 habitare
916 1562 1055 1638 tenebris,

271 1645 376 1709 vilem
385 1649 508 1718 ieiunae
520 1664 613 1726 saepe
624 1647 748 1723 negavit
760 1658 878 1724 aquam.

230 1731 379 1811 Iuppiter,
390 1733 545 1813 Antiopae
556 1749 705 1809 nusquam
717 1731 873 1789 succurris
884 1729 1010 1790 habenti

176 1823 211 1876 20
273 1814 337 1874 Tot
349 1812 458 1874 mala?
473 1816 643 1894 corrumpit
655 1812 732 1873 dura
743 1818 853 1873 catena
864 1832 980 1875 manns.

231 1897 265 1958 Si
276 1896 352 1958 dena
365 1916 409 1976 es,
424 1900 483 1959 tibi
493 1905 585 1979 turpe
595 1904 679 1958 tuam
691 1898 810 1957 servire
821 1894 966 1977 puellann
990 1960 993 1964 ,

270 1981 395 2042 invocet
407 1983 542 2062 Antiope
555 2001 646 2061 quem
656 1983 720 2064 nisi
728 1982 830 2044 vincto
839 1979 966 2044 Iovem?
1098 2046 1100 2065 Ι

231 2062 304 2124 Sola
315 2071 428 2141 tamen,
442 2084 651 2143 quaecumque
662 2065 793 2126 aderant
802 2067 836 2126 in
848 2085 982 2148 corpore
992 2066 1066 2138 vtro,

269 2144 403 2224 Regales
414 2148 547 2207 manicas
558 2150 643 2227 rupit
652 2155 784 2232 utraque
795 2169 894 2210 mann.
984 2150 988 2157 ’

174 2239 208 2292 25
228 2226 304 2290 Inde
316 2230 513 2290 Cithaeronis
524 2231 633 2292 timido
642 2232 725 2313 pede
738 2234 835 2294 currit
844 2234 878 2291 in
890 2252 990 2296 arcer.

268 2311 336 2373 Nox
347 2320 425 2392 erat,
439 2320 472 2374 et
482 2335 588 2394 sparso
599 2318 692 2377 triste
704 2317 805 2378 cubile
817 2313 897 2396 gelu.

183 2468 186 2475 Ι
229 2395 329 2476 Saepe
340 2416 416 2477 vago
427 2399 524 2479 Asopi
534 2401 637 2460 sonitu
648 2408 790 2482 permota
800 2401 927 2462 fluentis

270 2480 429 2542 credebat
439 2482 580 2542 dominae
590 2504 672 2563 pone
683 2486 791 2545 venire
801 2484 909 2565 pedes
1023 2480 1025 2485 ’

187 2591 192 2595 ·
225 2562 389 2624 Etdurnm
403 2566 536 2625 Zethum
547 2572 580 2626 et
589 2566 726 2628 lacrimis
737 2569 912 2648 Amphiona
922 2563 1040 2627 mollem
1098 2594 1100 2623 t

174 2652 210 2708 30
270 2646 409 2726 Experto
420 2653 469 2708 est
483 2648 613 2710 stabulis
624 2658 723 2713 mater
735 2651 842 2713 abacta
853 2651 926 2712 suis.

226 2731 272 2791 Ac
282 2730 390 2811 veluti,
405 2751 531 2812 magnos
543 2753 611 2794 cnm
621 2742 741 2816 ponunt
752 2754 887 2815 aequora
897 2739 1007 2811 motus,

265 2815 368 2876 Eurus
380 2824 413 2877 et
423 2816 553 2878 adverso
565 2818 681 2878 desinit
690 2822 738 2878 ire
750 2818 842 2894 Noto,

226 2897 335 2956 Litore
347 2900 403 2957 snb
415 2902 510 2958 tacito
523 2902 641 2960 sonitus
652 2900 786 2959 rarescit
800 2916 926 2979 arenae,

266 2978 318 3039 Sic
330 2974 436 3063 (cadit
445 2982 559 3040 inflexo
570 2980 655 3059 lapsa
664 2978 770 3061 puella
781 2976 884 3068 genu)

169 3070 203 3125 35
225 3060 313 3142 Sera,
326 3063 556 3142 tamenpietas:
576 3066 657 3125 natis
668 3072 718 3126 est
728 3069 871 3146 cognitus
882 3084 983 3130 error.

266 3146 365 3222 Digne
376 3146 454 3207 loris
466 3153 555 3208 natos
568 3151 620 3228 qni
630 3155 740 3211 tueare
752 3170 857 3230 senex,

226 3226 276 3285 Τιι
287 3226 394 3289 reddis
405 3233 511 3309 pneris
522 3239 661 3311 matrem,
673 3237 826 3316 puerique
837 3233 1022 3296 trahendam

263 3309 439 3372 Vinxernnt
448 3315 564 3374 Dircen
574 3318 630 3377 sub
643 3322 739 3379 trucis
752 3341 807 3380 ora
816 3321 913 3379 boris.

162 3424 168 3433 =
223 3394 370 3474 Antiope,
382 3414 534 3475 cognosce
545 3399 664 3462 iovem=
685 3405 744 3464 tibi
755 3401 855 3482 gloria
866 3404 962 3464 Dirce

167 3482 203 3536 40
262 3478 392 3541 Ducitur
402 3482 436 3541 in
447 3481 552 3543 multis
563 3492 694 3546 mortem
705 3488 849 3547 habitura
858 3484 946 3547 locis
