2220 3846
318 192 516 256 LIBER
558 195 716 278 1‚1s‚1o.
955 202 1000 266 15

166 362 334 441 captorum
343 359 481 422 lacrimi
492 363 617 424 humida
627 364 829 448 supplicibus,

87 455 105 505 5
126 445 215 505 Nunc
226 463 296 523 ego,
307 448 466 507 nocturnis
476 453 620 527 potorum
633 451 736 509 saucia
746 453 832 531 rixis,

164 526 292 589 Pulsate
301 527 436 607 indigni
447 549 541 610 saepe
552 551 668 610 queror
679 535 829 614 manibus,

121 612 164 673 nt
174 614 249 673 mibi
260 631 323 673 non
334 612 448 673 desunt
457 620 567 694 turpes
577 615 717 695 pendere
730 617 866 680 corollae
971 620 975 628 '

164 697 295 777 Semper
307 702 340 756 et
351 696 468 756 exclusi
479 699 565 775 signa
575 700 679 759 iacere
690 701 785 762 faces.

119 778 185 840 Nec
195 799 320 861 possum
330 780 453 840 infamis
464 778 604 842 dominae
616 781 789 846 defendere
799 791 908 846 noctes

65 872 102 924 lo
162 863 283 924 Nobilis
295 865 437 923 obscenis
447 863 560 925 tradita
572 869 773 928 carminibus:

118 945 186 1007 Nec
197 954 300 1007 tamen
310 945 363 1006 iiia
374 965 446 1007 suae
457 956 619 1010 revocatur
630 971 761 1031 parcere
772 953 883 1032 famae,
980 1016 986 1023 ,

161 1031 297 1111 Turpior
310 1037 343 1090 et
353 1029 448 1091 saecli
457 1033 562 1092 vivere
573 1032 702 1095 luxuria.

119 1115 183 1174 llas
195 1116 278 1174 inter
290 1116 432 1192 gravibus
443 1135 538 1194 cogor
549 1115 669 1177 deflere
682 1115 834 1196 querellis

160 1196 456 1278 Supplicisalongis
467 1201 590 1258 tristior
601 1202 748 1264 excubiis.

63 1289 98 1342 15
119 1278 175 1342 lile
186 1300 272 1342 meos
283 1300 447 1360 numquam
456 1284 574 1362 patitur
584 1286 785 1363 requiecere
795 1292 916 1366 postes,
992 1289 997 1321 ³

159 1366 276 1445 Arguta
287 1366 430 1426 referens
443 1368 577 1426 carmine
588 1362 755 1429 blanditia:

119 1448 221 1509 ‘lanua
230 1448 281 1538 vel
293 1449 416 1509 domina
425 1450 722 1530 penitus·crndelior
732 1455 809 1534 ipsa,

158 1533 240 1609 Quid
250 1534 325 1594 mihi
336 1539 398 1593 iam
410 1533 495 1594 duris
507 1535 611 1595 clausa
623 1543 708 1596 taces
719 1537 862 1597 foribus?

116 1615 181 1675 Gur
192 1635 356 1693 numquam
366 1623 505 1675 reserata
517 1636 603 1676 meos
614 1619 752 1677 admittis
765 1637 900 1696 amores²

60 1707 95 1759 20
157 1696 793 1780 Nesciaiurtivasredderemoiapreces‘i

115 1779 247 1842 Nullane
258 1781 329 1841 linis
341 1782 403 1841 erit
413 1787 520 1842 nostro
532 1802 679 1844 concessa
691 1784 803 1862 dolori,

158 1865 274 1924 Tristis
286 1872 319 1925 et
329 1867 363 1924 in
373 1865 479 1946 tepido
491 1866 598 1927 limine
609 1888 733 1929 somnus
745 1869 829 1928 erili

115 1950 169 2010 Mc
181 1948 432 2028 mediaenoctes‚
444 1969 493 2009 me
505 1951 609 2012 sidera
619 1973 718 2032 prona
729 1955 895 2031 incentem²

154 2032 342 2112 Frigidaque
352 2034 419 2093 Eoo
431 2053 480 2093 me
492 2033 579 2095 dolet
590 2057 663 2096 aura
673 2036 755 2117 gelu.

57 2124 93 2178 25
116 2116 166 2175 Tu
177 2115 401 2177 solahumanos
415 2138 579 2198 numquam
589 2123 735 2182 miserata
747 2120 872 2183 dolores
966 2190 970 2196 ,

152 2199 335 2280 Respondes
346 2203 449 2262 tacitis
459 2208 565 2263 mutua
575 2205 761 2268 cardinibus.

113 2283 140 2344 0
154 2285 270 2343 utinam
280 2287 412 2344 traiecta
423 2305 494 2345 cava
504 2306 573 2346 mea
584 2288 691 2348 vocula
700 2291 778 2348 rima

152 2368 320 2427 Percussus
332 2367 473 2426 dominae
483 2374 586 2428 vertat
595 2371 629 2427 in
640 2370 805 2430 auriculas!

113 2450 163 2511 Sit
172 2450 249 2510 licet
260 2456 292 2510 et
304 2470 375 2510 sano
387 2453 556 2530 patientior
568 2451 624 2511 illa
634 2452 756 2531 Sicano,

53 2543 90 2597 30
154 2535 203 2594 Sit
211 2533 287 2594 licet
298 2541 332 2594 et
341 2537 428 2595 ferro
441 2534 549 2595 durior
560 2542 593 2596 et
604 2536 745 2616 chalybe,

109 2618 179 2679 Non
191 2626 292 2679 tamen
303 2618 359 2679 illa
370 2639 441 2679 suos
449 2621 569 2698 poterit
581 2640 779 2701 compescere
791 2619 922 2701 ocellos,

153 2703 311 2781 Surgeret
320 2703 425 2761 inritis
437 2704 564 2781 spiritns
575 2705 607 2761 in
617 2704 760 2765 lacrimis.

108 2783 754 2847 Nunciaeetalterinsfeliciuixalacerto:

150 2871 270 2929 :limes
280 2877 433 2930 nocturno
444 2871 539 2930 verba
550 2869 663 2931 cadunt
672 2872 827 2952 Zephyro.

52 2960 88 3015 35
112 2951 176 3013 Sed
187 2959 221 3013 tu
233 2953 300 3014 sola
310 2956 381 3032 mei,
392 2959 427 3013 in
438 2955 566 3014 maxima
578 2975 668 3015 eausa
679 2954 807 3032 doloris,

149 3038 241 3099 Victa
251 3040 329 3098 meis
339 3058 513 3117 numquam,
527 3038 627 3117 ianua,
639 3041 826 3100 muneribus.

111 3121 233 3182 Tenon
243 3120 308 3182 ulla
318 3141 405 3182 meae
417 3121 509 3182 laesit
518 3120 691 3202 petulantia
700 3123 833 3201 linguae,

151 3206 236 3283 Quae
248 3205 331 3266 solet
341 3208 420 3266 irato
433 3206 539 3265 dicere
549 3212 615 3265 tota
625 3205 705 3283 loco,

107 3291 153 3352 ut
163 3309 213 3351 me
224 3297 287 3351 iam
296 3289 389 3369 longa
399 3309 524 3354 raucum
532 3292 652 3369 patiare
665 3289 805 3368 querella

52 3382 87 3436 io
151 3372 309 3435 Sollicitas
321 3376 411 3434 trivio
422 3373 609 3454 pervigilare
621 3394 730 3434 moras.

108 3459 221 3520 Attin
231 3478 324 3540 saepe
334 3479 412 3520 novo
426 3457 538 3518 deduxi
549 3460 682 3518 carmina
693 3476 794 3534 versu,
