2220 3846
138 193 181 258 ss
392 188 799 277 rsornnsu

171 373 206 424 20
266 362 308 424 nt
318 346 429 441 petere
441 360 579 439 Hyrcani
589 357 685 419 litora
694 365 768 418 nota
778 359 883 436 maris,

137 474 140 479 ·
225 443 379 527 Spargere
392 451 425 503 et
436 443 557 503 alterna
569 461 744 503 communes
756 441 852 501 caede
862 443 1001 508 Penates

264 530 306 589 Et
315 530 402 589 ferre
414 526 454 587 ad
463 528 580 606 patrios
590 527 728 607 praemia
739 524 807 585 dira
816 525 939 587 Lares?

223 614 292 674 Una
303 617 482 672 contentum
491 608 607 690 pudeat
617 628 667 669 me
677 611 782 669 rivere
794 611 915 671 amicat

263 697 332 755 Hoc
344 697 370 755 si
382 697 499 755 crimen
510 695 583 771 erit,
595 695 712 753 crimen
722 694 845 775 Amoris
857 696 935 755 erit:

171 790 204 842 25
226 780 375 842 Minemo
387 779 511 839 obiciat
531 776 629 837 libeat
638 778 707 854 tibi,
720 777 864 856 Cynthia,
875 797 998 842 mecum

263 861 396 922 Roscida
406 861 555 927 muscosis
568 866 655 919 antra
665 867 776 921 tenere
787 863 877 940 iugis.

222 945 291 1008 illic
306 947 437 1025 aspicies
450 942 585 1024 scopulis
596 945 729 1004 haerere
744 963 869 1005 sorores

224 1063 225 1066 κ
262 1030 304 1089 nt
315 1046 428 1088 canere
439 1028 558 1106 antiqui
569 1026 670 1087 dulcia
680 1028 764 1088 furta
774 1028 864 1107 lovis,

222 1113 265 1175 Ut
277 1111 399 1172 Semela
409 1118 459 1172 est
470 1113 656 1188 combustus,
668 1118 703 1172 ut
713 1118 762 1172 est
773 1111 957 1192 deperditus
968 1116 1012 1195 Io,

168 1207 204 1260 30
265 1197 407 1276 Denique
418 1201 454 1255 ut
467 1195 506 1255 ad
517 1195 632 1255 Troiae
643 1201 727 1256 tecta
736 1194 848 1256 volarit
858 1200 933 1261 avis.

222 1279 311 1357 Quod
321 1282 349 1340 si
359 1299 449 1339 nemo
462 1285 556 1356 extat,
568 1279 743 1357 qui-vicerit
754 1278 837 1341 alitis
845 1294 943 1362 arma,
995 1284 1001 1293 ’

262 1365 439 1423 Communis
453 1361 560 1442 culpae
573 1382 627 1422 eur
638 1380 710 1422 reus
722 1382 799 1423 unus
812 1367 910 1443 agor?

219 1446 285 1507 Nec
298 1453 333 1506 tu
342 1446 512 1523 virginibus
522 1448 700 1506 reverentia
709 1449 842 1509 moveris
852 1469 923 1511 orat
1003 1484 1007 1491 ·

262 1531 323 1593 Hic
337 1547 459 1609 quoque
470 1548 533 1589 non
543 1531 644 1590 nescit
657 1529 732 1610 quid
741 1533 784 1591 sit
794 1530 895 1593 amare
907 1534 1036 1610 chorus;

167 1622 200 1675 35
223 1614 256 1674 Si
267 1621 369 1674 tamen
382 1614 496 1692 Oeagri
504 1613 658 1693 quaedam
670 1634 846 1695 compressa
855 1618 955 1696 figura

260 1698 408 1759 Bistoniis
420 1697 495 1758 olim
505 1700 635 1778 rupibus
646 1700 796 1760 accubuit.

219 1783 279 1843 Hie
291 1783 343 1842 ubi
353 1800 402 1841 me
415 1784 514 1862 prima
526 1788 663 1843 statuent
674 1784 706 1842 in
716 1789 807 1863 parte
819 1785 954 1846 choreae

258 1867 301 1926 Et
311 1864 430 1933 medius
443 1865 533 1927 docta
546 1867 672 1948 cuspide
684 1868 822 1927 Bacchus
835 1871 908 1948 erit,

220 1950 300 2010 Tum
312 1951 406 2031 capiti
418 1953 633 2031 sacros-patiar
642 1948 784 2031 pendere
796 1955 976 2031 corymbos:

164 2041 200 2094 40
261 2033 338 2094 Nam
351 2035 419 2093 sine
430 2041 463 2094 te
473 2040 613 2095 nostrum
625 2054 688 2095 non
697 2030 779 2095 salet
788 2037 956 2114 ingenium.

74 2244 77 2249 .
145 2164 201 2259 29
220 2163 366 2276 (luseris,
377 2219 432 2259 cur
442 2199 562 2264 ueniam
572 2200 630 2260 tibi
641 2199 770 2264 tardior.
782 2218 885 2262 ¹aurea
894 2204 1017 2266 Phoebi
1034 2169 1079 2262 dl

257 2282 401 2343 Porticus
413 2304 430 2343 a
441 2301 550 2362 magno
562 2282 697 2344 Caesare
709 2291 815 2366 aperta
824 2285 893 2348 mit.
1008 2292 1012 2299 '

218 2367 300 2427 Tota
310 2374 379 2427 erat
389 2369 422 2426 in
432 2369 569 2448 speciem
579 2368 694 2428 Poenis
706 2368 826 2448 digesta
837 2368 999 2449 columnis,

256 2451 343 2512 Inter
355 2471 430 2530 quas
440 2453 538 2512 Danai
548 2453 664 2511 femiae
674 2455 766 2513 turba
776 2455 868 2515 senis.

178 2543 194 2595 5
214 2535 275 2595 Hic
287 2535 432 2614 equidem
442 2534 569 2595 Phoebo
580 2536 662 2596 visus
673 2538 749 2596 mihi
759 2535 920 2617 pulchrior
931 2539 1001 2618 ipso

255 2619 449 2679 Marmoreas
460 2619 554 2679 tacita
566 2638 690 2679 carmen
700 2621 788 2680 hiare
800 2620 884 2700 lyra:

214 2703 318 2781 Atque
331 2722 413 2761 aram
426 2704 541 2763 circum
553 2709 706 2764 steterant
720 2710 859 2764 armenta
870 2705 1027 2784 Myronis,

256 2786 408 2861 Quattuor
421 2788 567 2866 artifices,
578 2787 679 2847 vivida
689 2788 786 2866 signa,
797 2790 902 2849 boves.

215 2869 295 2930 'l'um
305 2869 440 2931 medium
451 2871 534 2932 claro
546 2873 693 2948 surgebat
703 2888 856 2935 marmore
866 2868 1021 2953 templum

161 2963 195 3014 10
254 2953 296 3013 Et
305 2955 407 3032 patria
415 2955 544 3014 Phoebo
557 2955 656 3012 carius
667 2955 806 3034 Ortygia.

212 3037 246 3097 ln
259 3056 319 3115 quo
332 3035 413 3096 Solis
425 3042 494 3096 erat
503 3054 595 3115 supra
605 3035 729 3115 fastigia
741 3056 860 3116 eunus,

253 3120 296 3180 Et
306 3118 423 3195 valvae3
433 3119 543 3197 Libyci
553 3119 659 3179 nobile
672 3120 776 3183 dentis
787 3140 875 3203 opus,

86 3197 92 3207 “
212 3201 323 3262 Altera
334 3199 473 3263 deiectos
485 3201 612 3263 Parnasi
621 3207 740 3266 vertice
753 3205 873 3284 Gallos,

252 3283 363 3343 Altera
374 3286 532 3345 maerebat
542 3287 652 3348 funera
664 3289 857 3352 Tantalidos.

160 3378 192 3430 15
213 3365 335 3428 Deinde
345 3368 429 3427 inter
439 3374 568 3430 matrem
581 3370 656 3432 deus
666 3375 735 3453 ipse
745 3375 894 3453 interque
903 3391 1049 3436 sororem

252 3451 382 3531 Pythias
393 3453 425 3512 in
436 3453 526 3532 longa
538 3458 672 3517 carmina
684 3465 772 3521 veste
783 3463 883 3520 sonat.
