2220 3846
221 194 414 257 tluuu
455 195 541 272 11‚s.
584 195 779 277 111‚1,s,e.
932 201 975 265 31

132 316 153 353 s

148 358 237 421 Bella
248 379 363 438 canam,
375 360 496 439 quando
508 361 624 440 scripta
633 360 739 441 puella
748 383 816 424 mea
826 373 883 426 est.

109 444 198 504 Nunc
208 441 278 519 volo
290 445 440 504 subducto
452 445 574 522 gravior
584 445 759 524 procedere
769 446 866 527 vultu,

57 537 92 590 10
152 527 241 587 Nunc
252 525 342 587 aliam
353 528 502 588 citharam
513 547 562 587 me
574 547 642 588 mea
651 529 742 589 Musa
753 529 853 592 docet

111 608 221 690 Surge,
233 613 340 690 anima,
352 629 391 672 ex
401 609 511 670 humili
521 613 582 671 iam
592 615 737 691 carmine,
748 616 859 674 sumite
868 617 977 697 rires‚·

151 693 310 754 Pierides:
332 695 435 772 magni
445 713 527 754 nunc
539 696 600 755 erit
611 697 674 755 oris
686 715 771 776 opus.

108 775 172 837 Iam
182 785 275 856 negat
284 778 460 857 Euphrates
471 779 607 856 equitem
615 786 687 858 post
697 787 786 858 terga
794 784 878 842 tueri

150 862 336 921 Parthorum
347 866 380 919 et
391 861 519 921 Crassos
529 880 563 922 se
575 865 712 923 tenuisse
723 862 824 925 dolet:

58 953 91 1006 15
111 943 201 1005 ludia
212 944 295 1023 quin,
307 945 455 1023 Auguste,
467 951 520 1004 tuo
533 944 586 1005 dat
596 945 678 1006 colla
686 950 855 1029 triumpho,

150 1029 193 1088 Et
203 1026 310 1088 domus
320 1030 453 1088 intactae
463 1036 497 1088 te
507 1030 614 1089 tremit
624 1032 772 1090 Arabiae:

43 1135 46 1143 ²
110 1111 153 1172 Et
163 1112 190 1171 si
200 1130 260 1190 qua
271 1113 417 1172 extremis
427 1111 521 1172 tellus
533 1131 567 1172 se
578 1114 731 1173 subtrahit
743 1094 817 1189 osis,

153 1195 275 1255 Sentiet
285 1194 342 1255 ills
351 1202 419 1256 tuas
429 1194 593 1275 postmodo
605 1202 693 1276 capta
702 1216 817 1258 manus.

112 1278 198 1339 Haeo
212 1296 271 1357 ego
283 1285 383 1339 castra
393 1296 520 1357 sequar:
539 1284 625 1340 vates
635 1285 688 1340 tua
699 1288 800 1341 cestra
810 1279 948 1341 canendo

55 1370 93 1424 20
152 1363 366 1442 Magnusero:
389 1364 766 1426 serventbnncmibifata
777 1365 872 1425 diem!

111 1490 154 1551 Ut
166 1497 257 1570 caput
266 1491 300 1551 in
310 1493 427 1570 magnis
436 1493 490 1551 nbi
501 1511 563 1551 non
575 1498 624 1552 est
633 1499 763 1572 tangere
774 1494 880 1571 signis,

151 1574 282 1633 Ponitur
293 1577 345 1634 hie
355 1577 433 1634 imos
445 1580 517 1633 ante
528 1594 643 1634 corona
651 1575 761 1653 pedes,

111 1657 164 1716 Sic
174 1674 231 1714 nos
241 1673 332 1733 nunc,
343 1659 452 1735 inopes
461 1654 564 1716 lendis
576 1657 787 1716 conscendere
799 1675 932 1735 carmen,

153 1738 346 1817 Pauperibus
357 1740 453 1798 sacris
463 1739 535 1798 vilia
544 1744 615 1797 ture
626 1737 738 1801 damus.

53 1836 90 1888 25
112 1821 256 1884 Nondum
267 1823 360 1882 etiam
371 1823 522 1882 Ascraeos
531 1828 719 1883 nornntmea
727 1823 982 1904 earminafontes,

153 1905 217 1966 Sed
228 1905 320 1982 modo
331 1906 473 1967 Permesi
483 1907 609 1966 flumine
619 1905 695 1967 lavit
705 1907 809 1968 Amor.

64 2072 96 2162 2
112 2069 262 2165 Scribant
274 2102 357 2165 dete
370 2097 422 2166 olii
434 2103 485 2165 vel
495 2106 538 2165 sis
548 2107 655 2184 ignota
664 2102 791 2165 licebit:
927 2068 978 2162 11

153 2185 283 2265 Laudet,
295 2189 348 2267 qul
359 2188 460 2249 sterili
471 2190 587 2249 semina
596 2191 685 2269 ponit
695 2190 796 2248 humo.

110 2272 231 2349 Omnia,
243 2271 337 2332 crede
348 2273 434 2348 mihi,
446 2291 549 2332 secum
560 2292 621 2332 uno
633 2292 761 2332 munera
769 2271 852 2333 lecto

152 2354 287 2413 Auferet
297 2356 429 2413 extremi
438 2355 557 2413 funeris
569 2361 635 2413 atra
646 2355 729 2414 dies:

69 2450 89 2502 5
109 2439 153 2499 Et
163 2446 216 2497 tua
227 2438 373 2497 transibit
384 2442 584 2497 contemnens
596 2455 666 2497 osss
676 2438 786 2514 viator,

150 2521 216 2582 Nec
228 2520 314 2582 dicet
324 2522 414 2581 ‘cinis
425 2521 477 2582 bie
489 2520 579 2582 docta
588 2519 695 2602 puella
704 2522 785 2582 fuit?

62 2654 92 2746 3
111 2651 307 2767 (luteumque
314 2686 447 2765 illeibit,
456 2707 586 2767 puerum
593 2689 913 2769 qnipinxitAmorem,
927 2657 982 2750 12

151 2772 261 2832 Nonne
271 2779 361 2852 putes
372 2772 465 2831 miras
476 2772 558 2830 hune
569 2773 713 2845 habuisse
725 2773 853 2832 manus?

109 2856 171 2916 Hic
181 2858 313 2936 primum
324 2854 402 2916 vidit
413 2856 480 2915 sine
493 2875 584 2916 sensu
596 2856 701 2916 vivere
712 2863 849 2917 amantes

152 2940 194 3001 Et
203 2935 325 3000 levibus
336 2941 418 3001 euris
432 2960 540 3019 magna
550 2942 656 3020 perire
668 2942 757 3004 bona.

67 3035 89 3086 5
110 3023 198 3085 ldem
208 3043 271 3084 uon
280 3025 398 3085 frustra
408 3031 551 3085 ventosas
563 3023 683 3085 addidit
693 3024 767 3101 alas,

151 3106 242 3168 Fecit
253 3113 286 3168 et
295 3108 427 3169 hnmano
438 3107 533 3168 corde
544 3106 648 3168 volare
663 3106 772 3182 deum3

110 3189 241 3261 Scilicet
250 3187 369 3252 alterna
381 3192 525 3271 quonium
533 3192 682 3251 iactamur
693 3192 726 3250 in
736 3189 829 3269 unda,

150 3275 324 3355 Nostraque
335 3294 399 3336 non
409 3273 482 3336 ullis
491 3281 654 3357 permanet
665 3293 739 3336 aurs
749 3274 843 3336 locis:

106 3360 151 3422 lot
161 3361 272 3421 merito
284 3360 414 3420 hamatis
425 3377 531 3420 manus
543 3365 591 3419 est
602 3365 717 3419 armata
727 3360 859 3437 sagittis,

45 3456 88 3512 lo
152 3444 195 3506 Et
205 3445 354 3526 pharetra
364 3463 402 3504 ex
412 3443 541 3505 humero
554 3443 667 3504 Cnosia
677 3449 811 3522 utroque
821 3442 921 3512 iscet;
991 3492 994 3499 .
