2220 3846
94 220 136 288 74
392 162 750 277 PR'ornnnll

218 388 282 446 Aut
291 385 404 444 variam
414 381 537 462 plumae
548 377 747 439 versicoloris
762 396 859 441 avem.

120 466 123 471 ’
178 470 237 530 His
247 480 313 528 tum
323 465 483 526 blanditii
494 465 607 523 furtiva
616 480 675 542 per
687 467 776 521 antra
785 461 913 540 puellae

127 550 131 557 ’
220 548 334 612 Oscula
345 546 493 610 silvieelis
506 552 608 627 empta
619 544 738 604 dedere
749 545 834 606 viris.

124 645 159 700 35
180 633 332 696 Hinnulei
342 630 436 713 pellis
446 638 530 691 totos
544 630 685 710 operibat
697 634 846 706 amantes,

220 715 355 796 Altaque
366 718 469 775 nativo
482 718 623 774 creverat
633 712 732 772 herba
743 716 826 789 toro,

179 803 275 863 Pinus
290 806 322 859 et
331 800 511 859 incumbens
522 795 624 855 lentas
637 793 846 855 circumdabat
856 798 988 876 umbras,

219 884 249 944 N
250 902 286 942 ee
296 878 400 941 fuerat
410 879 507 940 nudas
517 899 618 960 poena
628 877 736 938 videre
747 877 832 957 deas,

180 967 334 1043 Corniger
345 970 437 1043 atque
450 962 501 1023 dei
511 981 635 1022 vacuam
644 962 778 1041 pastoris
789 962 823 1021 iu
834 959 935 1024 aulam
947 1028 954 1043 f

126 1059 162 1114 40
222 1050 290 1109 Dux
305 1049 386 1108 aries
397 1052 515 1106 saturas
525 1047 594 1127 ipse
605 1045 731 1106 reduxit
742 1062 825 1122 oves,

180 1133 281 1212 Dique
292 1131 431 1210 deaeque
444 1148 560 1207 omnes,
573 1130 683 1208 quibus
695 1133 744 1188 est
753 1126 852 1188 tutela
861 1148 921 1208 per
932 1147 1019 1209 agros,

220 1212 898 1290 Praebebantvestrisverbabenignafocisa

181 1301 235 1362 ‘nt
244 1297 397 1379 leporem,
410 1298 593 1377 quicumque
607 1298 706 1374 venis,
717 1296 893 1375 remiseris,
903 1297 1015 1378 hospes,

221 1383 264 1442 Et
274 1383 301 1441 si
312 1382 395 1440 forte
407 1399 476 1439 meo
488 1381 612 1439 tramite
626 1380 749 1459 quaeris
760 1396 862 1439 avem:

127 1474 162 1528 45
182 1466 283 1527 Et-me
293 1463 378 1523 Pana
388 1462 446 1523 tibi
458 1464 601 1523 comitem
613 1461 652 1523 de
663 1480 741 1542 rupe
753 1468 873 1536 vocato,

224 1547 295 1608 Sive
306 1552 396 1627 petes
408 1545 522 1608 calamo
535 1545 683 1626 praemia,
695 1547 758 1606 sire
770 1549 867 1606 cane?

182 1632 225 1692 At
237 1630 318 1690 nunc
331 1628 464 1691 desertis
476 1635 598 1690 cessant
609 1630 743 1690 sacraria
752 1627 848 1688 lucis:

223 1716 340 1774 Aurum
352 1705 457 1775 omnes
467 1716 548 1774 ricta
557 1715 618 1773 iam
627 1714 745 1792 pietate
756 1709 871 1772 colunt.

183 1799 268 1858 Auro
279 1796 369 1878 pulsa
378 1796 468 1876 fides,
480 1790 555 1857 auro
567 1794 687 1857 venalia
698 1797 776 1874 iura,

128 1889 164 1944 50
223 1882 342 1942 Aurum
353 1877 407 1940 lex
418 1882 650 1960 sequitur,'mox
661 1880 728 1939 sine
738 1878 811 1957 lege
821 1877 931 1958 pudor.

182 1964 318 2025 Torrida
327 1963 510 2042 sacrilegum
520 1969 675 2023 testantur
685 1960 792 2023 limina
802 1952 968 2038 Brennum,=

220 2046 299 2106 Dum
313 2049 395 2127 petit
403 2048 519 2107 intonsi
530 2047 643 2126 Pythia
652 2064 748 2124 regna
759 2044 827 2105 dei:

180 2130 224 2188 At
233 2148 321 2188 mons
331 2128 489 2207 laurigero
501 2149 666 2190 concussus
677 2129 794 2190 vertice
807 2127 892 2187 diras

223 2209 342 2271 Gallica
351 2210 504 2271 Parnasus
517 2215 631 2293 sparsit
639 2214 677 2287 h
688 2230 769 2272 arma
781 2213 879 2273 nives.

128 2300 162 2354 55
184 2293 232 2354 'Pe
244 2292 344 2355 scelus
356 2302 483 2377 accepto
495 2295 627 2357 Thracis
638 2294 863 2374 Polymestoris
879 2311 952 2353 auro

219 2375 849 2460 Nutritinhospitionon,Polydore,pio.

181 2460 230 2520 Tu
242 2482 375 2542 quoqne,
393 2469 428 2523 ut
439 2470 561 2524 auratos
573 2482 712 2542 gereres,
728 2457 892 2541 Eriphyle,
904 2457 1023 2522 lacertos

219 2543 352 2624 Dilapsis
363 2564 513 2626 nusquam
527 2553 576 2607 est
587 2547 797 2628 Amphiaraus
804 2544 903 2623 equis.

177 2625 362 2707 Proloquar‚
373 2635 466 2708 atque
477 2632 594 2691 utinam
604 2631 723 2712 patriae
738 2631 796 2691 sim
802 2645 894 2689 verus
906 2612 1023 2702 arnapa!

125 2719 161 2772 60
221 2709 387 2791 Frangitur
398 2714 465 2793 ipsa
476 2716 539 2775 suis
549 2715 647 2774 Roma
657 2715 791 2795 superba
801 2711 901 2773 bonis.

179 2793 273 2854 Certa
283 2794 405 2877 loquor,
418 2797 475 2858 sed
485 2795 572 2881 nulia
580 2796 659 2857 fide
658 2814 792 2934 mque
801 2795 884 2854 enim
892 2790 1023 2870 lliaqmn

217 2961 320 3020 Verax
330 2960 509 3037 Pergameis
520 2959 648 3018 Maenas
659 2955 804 3016 habenda
814 2959 914 3020 malis.

177 3040 251 3102 Sola
263 3041 367 3099 Parim
378 3041 532 3119 Phrygiae
543 3039 641 3101 fatum
652 3060 850 3121 componere,
863 3043 929 3104 sola

32 3191 34 3196 ,
216 3121 373 3182 Fallaeem
382 3124 501 3201 patriae
513 3141 642 3202 serpere
655 3124 732 3186 dixit
743 3145 866 3205 equum.

121 3213 156 3268 65
176 3203 233 3264 lile
243 3204 331 3263 furor
341 3206 461 3285 patriae
471 3207 533 3268 fuit
543 3207 638 3286 utilis,
650 3206 705 3270 ille
716 3211 856 3290 parenti:

213 3287 351 3366 experta
362 3295 411 3349 est
421 3309 511 3351 veros
521 3293 612 3353 irrita
621 3292 726 3373 lingua
738 3293 823 3355 deos.

458 3435 667 3446 ———
