2220 3846
311 186 367 249 nr
388 187 504 250 nnn
544 188 596 268 111,
619 199 662 255 ar.

134 357 231 435 inque
242 362 312 416 tuos
322 357 421 435 ignes,
434 354 512 417 dure
522 363 626 436 poeta,
638 359 717 419 veni.

48 449 74 502 io
96 440 147 505 Tu
157 459 221 500 uon
231 436 424 518 Antimacho,
435 460 498 501 non
509 442 606 503 tutior
617 442 677 502 ibis
687 442 839 505 Homero:

134 522 275 603 Despicit
285 530 318 585 et
328 543 454 603 magnos
464 531 552 585 recta
561 522 668 605 puella
680 524 765 589 deos.

94 606 160 669 sea
169 627 232 667 nou
243 613 315 669 oute
327 610 412 688 gravi
422 615 529 670 taurus
540 611 710 670 succumbit
721 616 835 688 aratro,

137 691 261 752 Cornua
272 712 363 771 quam
372 690 483 753 validis
494 692 633 753 haeserit
644 695 677 753 in
687 691 819 772 laqueis,
933 706 957 770 ᾖ

93 775 160 836 Nec
169 783 205 836 tu
214 782 278 836 tam
289 774 384 835 duros
393 793 452 855 per
461 781 494 834 te
503 776 634 855 patieris
645 796 780 837 amores:
821 792 824 804 ·

48 869 74 920 »0
138 860 226 919 Trux
236 866 339 919 tamen
350 880 367 919 a
380 860 469 920 nobis
480 865 552 921 ante
564 858 731 921 domandus
743 863 816 923 eris.

91 943 212 1004 Harum
224 941 309 1003 nulla
319 943 399 1004 solet
409 946 560 1004 rationem
572 963 723 1024 quaerere
734 942 850 1022 mundi,

131 1025 199 1087 Nec
208 1045 263 1086 car
272 1028 421 1088 fraternis
431 1028 517 1088 Luna
527 1027 648 1090 laboret
659 1029 758 1106 equis,

74 1176 79 1183 ‚
92 1111 158 1172 Nec
168 1111 277 1191 sipost
287 1111 409 1191 Stygias
420 1109 538 1191 aliquid
547 1113 713 1172 restaverit
723 1109 831 1188 undas,

132 1194 198 1255 Nec
209 1196 236 1255 si
248 1195 389 1255 consulto
399 1194 528 1255 fulmina
537 1197 630 1255 missa
639 1202 758 1255 tonent.

48 1285 75 1339 ib
94 1280 207 1359 Aspice
219 1297 279 1356 me,
292 1281 341 1339 oui
351 1299 444 1358 parva
457 1277 539 1338 domi
549 1279 674 1338 fortuna
684 1277 794 1338 relicta
805 1284 866 1355 est,

132 1360 243 1423 Nullus
255 1368 288 1422 et
299 1365 426 1441 antiquo
436 1363 541 1424 Marte
552 1363 725 1443 triumphus
738 1364 795 1440 ari,

92 1445 136 1530 Ut
146 1464 274 1524 regnem
284 1448 393 1506 mixtas
404 1448 487 1506 inter
499 1447 624 1506 conviva
633 1445 753 1527 puellas

133 1529 202 1589 Hoc
214 1548 283 1606 ego,
295 1549 355 1607 quo
366 1532 424 1591 tibi
434 1549 515 1590 nunc
526 1528 644 1606 elevor,
654 1530 788 1606 ingenio.

91 1611 148 1672 Me
159 1613 245 1670 iuvet
252 1613 410 1685 hesternis
420 1615 555 1691 positum
564 1612 714 1689 languere
726 1607 865 1689 corollis,

48 1703 74 1756 to
139 1695 238 1770 Quem
250 1693 356 1770 tetigit
364 1695 448 1753 iactu
460 1700 563 1753 certus
575 1692 614 1753 ad
625 1713 693 1753 ossa
704 1693 791 1771 deus,

90 1778 184 1837 Actia
193 1774 358 1855 Virgilium
369 1776 504 1836 custodis
515 1776 609 1854 litora
619 1773 749 1855 Phoebi,

135 1861 278 1921 Caesaris
290 1865 323 1919 et
332 1859 433 1920 fortes
445 1859 551 1921 dicere
561 1880 653 1940 posse
665 1867 761 1938 rates,

94 1946 154 2022 Qui
164 1965 246 2004 nunc
256 1945 383 2004 Aeneae
394 1943 524 2004 Troiani
536 1946 664 2004 suscitat
675 1964 758 2003 arma

134 2029 277 2107 laetaque
288 2028 412 2088 Lavinis
423 2028 545 2087 moenia
554 2027 708 2090 litoribus.

48 2121 73 2174 55
96 2111 208 2172 Cedite
218 2113 348 2173 Romani
359 2113 541 2192 scriptores,
554 2111 657 2172 cedite
668 2111 772 2172 Graii:

134 2193 246 2256 Nescio
259 2195 334 2274 quid
345 2196 441 2255 maius
452 2197 590 2256 nascitur
600 2193 707 2256 Iliade.

93 2278 145 2339 Tu
160 2281 244 2339 canis
253 2280 390 2339 umbrosi
403 2281 511 2339 subter
521 2280 627 2359 pineta
639 2279 763 2339 Galaesi

130 2363 275 2441 *Thyrsin
286 2369 319 2422 et
329 2363 444 2422 attritis
455 2363 599 2441 Daphnin
610 2361 821 2439 arundinibus,

90 2447 198 2526 thue
209 2445 317 2507 decem
327 2446 449 2526 possint
459 2464 659 2525 corrumpere
670 2445 748 2506 mala
758 2442 889 2525 puellas,

48 2540 73 2594 '0
134 2530 250 2590 Missus
263 2536 296 2591 et
305 2530 456 2610 inpressis
465 2529 583 2590 baedus
595 2532 632 2590 ab
642 2531 800 2591 uberibus

49 2672 52 2677 .
91 2612 193 2689 Felix,
205 2615 259 2692 qui
268 2613 346 2674 viles
356 2615 455 2693 pomis
466 2614 615 2673 mercaris
626 2613 761 2673 amores!
881 2660 884 2665 .

132 2698 214 2757 Huic
224 2696 301 2756 licet
309 2698 449 2774 ingratae
461 2697 590 2775 Tityrus
600 2698 668 2776 ipse
679 2701 782 2756 canat:

90 2779 184 2849 Felix
194 2781 343 2840 intactum
356 2778 504 2860 Corydon
516 2781 568 2859 qui
578 2786 710 2861 temptat
720 2775 833 2840 Alexin

132 2863 296 2942 Agricolae
309 2863 425 2924 domini
437 2876 566 2944 carpere
577 2862 721 2924 delicias!

48 2956 71 3009 '5
95 2947 237 3024 Quamvis
248 2947 304 3008 ifle
316 2947 665 3027 sualassusrequiescat
676 2964 781 3023 avena,

132 3030 288 3092 Laudatur
299 3031 401 3093 facilis
412 3033 496 3092 inter
507 3029 747 3110 Hamadryadas.
852 3049 855 3056 ·

93 3113 144 3174 Tu
155 3117 239 3177 canis
249 3117 377 3177 Ascraei
387 3117 503 3175 veteris
512 3120 680 3196 praecepta
691 3116 828 3192 poetae,

134 3198 200 3276 Quo
213 3217 302 3277 seges
313 3201 346 3259 iu
357 3218 474 3279 campo,
487 3219 547 3278 quo
558 3200 639 3258 viret
650 3217 707 3257 uva
717 3197 800 3273 iugo.

93 3280 172 3342 Tale
182 3282 260 3343 facis
272 3301 406 3359 carmen,
418 3282 510 3344 docta
519 3280 678 3342 testudine
691 3278 784 3358 quale

48 3375 71 3428 to
135 3363 286 3444 Cynthius
298 3367 442 3446 inpositis
453 3370 608 3445 temperat
618 3360 768 3425 articuli.

87 3446 161 3510 Nou
170 3454 275 3510 tamen
285 3450 362 3509 baec
373 3445 429 3508 ulli
438 3450 565 3509 venient
575 3449 696 3526 ingrata
705 3444 838 3523 legenti,
889 3498 893 3502 .

1021 3478 1062 3585 -t
