2220 3846
237 188 988 277 amnnmmmmanffim

157 357 306 418 Extremo
320 359 425 417 veniet
434 355 559 418 mollior
568 359 647 418 hora
658 358 719 421 die.

117 440 151 501 lo
161 459 252 500 verso
262 446 353 520 capnt
362 443 478 521 primos
489 444 660 522 mugiverat
671 462 782 504 annos:

160 523 248 584 Nunc
259 523 327 602 dea,
339 545 417 604 quae
428 525 491 587 Nili
500 527 625 585 flumina
635 547 727 588 vacca
737 530 824 590 bibit.

116 608 172 668 Ino
182 610 274 667 etiam
284 609 384 688 prima
394 610 491 669 terris
503 615 604 669 aetate
615 619 723 688 vagata
733 620 797 672 est:
835 633 840 642 ·

62 701 99 756 20
160 691 248 751 Hanc
259 694 355 751 miser
365 691 502 771 inploret
512 693 613 752 navita
623 693 833 761 Leucotheen,

116 773 317 836 Andromede
327 776 473 834 monstris
483 775 587 836 fuerat
596 775 708 838 devota
717 780 857 840 marinis=
975 772 977 779 ’

54 899 60 905 -
157 860 244 919 Haec
256 857 364 919 eadem
374 860 482 919 Persei
492 858 605 921 nobilis
616 881 692 921 uxor
706 870 781 924 erat.

116 939 248 1005 Callisto
259 941 409 1003 Arcadios
421 950 578 1005 erraverat
588 965 659 1005 ursa
669 966 727 1026 per
738 967 844 1026 agro:
961 977 967 989 ·

149 1027 244 1085 -Haec
254 1033 404 1087 nocturna
414 1045 468 1087 sno
481 1027 586 1089 sidere
596 1026 667 1089 vela
677 1033 767 1108 regit.

10 1146 13 1189 3
59 1115 97 1170 25
118 1108 207 1185 Quod
219 1111 245 1169 si
255 1110 339 1171 forie
349 1112 408 1170 tibi
418 1114 619 1192 properarint
629 1113 693 1172 fata
705 1114 851 1192 quietem,

157 1191 213 1252 illa
223 1192 402 1273 sepulturae
413 1195 478 1255 iata
487 1199 578 1255 beata
588 1202 675 1254 tuac:
909 1272 912 1277 Ι

115 1275 261 1338 Narrabis
273 1276 426 1357 Semelae,
434 1298 495 1357 qno
506 1281 547 1339 sit
557 1279 693 1340 formosa
703 1279 833 1359 periclo,

156 1359 274 1422 Credet
286 1370 318 1423 et
328 1362 382 1424 illa
393 1382 447 1422 suo
460 1362 551 1423 docta
560 1361 667 1443 puella
677 1363 768 1440 malo,

67 1458 70 1463 ’
114 1442 157 1504 m
169 1446 227 1505 tibi
237 1447 396 1507 Maeonias
408 1448 491 1507 inter
501 1448 647 1507 heroidas
660 1449 757 1508 omnis

58 1533 96 1590 30
156 1529 277 1588 Primus
289 1533 350 1589 erit
360 1528 444 1589 nulla
454 1550 516 1590 non
526 1531 686 1590 tribuente
696 1529 792 1592 locus.

113 1610 214 1686 Nunc,
228 1618 391 1689 utcumque
402 1618 503 1689 potes,
514 1613 578 1671 fato
591 1630 666 1689 gere
678 1613 780 1670 sancia
789 1630 922 1674 morem:

156 1693 199 1752 Et
210 1691 286 1752 deus
297 1699 330 1752 et
342 1692 436 1751 durus
446 1695 579 1753 vertitur
588 1697 657 1774 ipse
669 1692 745 1755 dies.

113 1777 184 1837 Hoc
196 1778 254 1836 tibi
265 1775 316 1836 cel
326 1776 455 1856 poterit,
468 1777 608 1855 coniunx,
619 1778 782 1855 ignoscere
793 1779 884 1840 Iuno:

153 1861 321 1939 Frangitur
332 1866 365 1920 et
376 1860 463 1936 luno,
474 1861 501 1919 si
512 1880 571 1938 qua
580 1860 686 1940 puella
695 1863 788 1940 perit,

34 1993 97 2092 25
113 1992 274 2088 Deficiunt
284 2031 402 2107 mogico
413 2031 490 2089 torti
502 2031 557 2090 snb
570 2030 705 2089 carmine
717 2029 848 2108 rhombi,
950 2039 984 2092 35

154 2112 196 2172 Et
206 2113 287 2172 iacet
298 2114 433 2174 extincto
443 2111 547 2174 lanrns
559 2111 667 2173 adusta
676 2113 759 2191 foco,
1070 2125 1075 2132 ’

113 2196 156 2256 Et
166 2197 226 2254 iam
236 2196 323 2256 Luna
332 2202 426 2275 negat
434 2199 551 2257 totiens
563 2195 756 2257 descendere
770 2195 867 2275 caelo,

155 2279 311 2357 Nigraqne
322 2281 478 2338 funestum
491 2282 627 2339 concinit
639 2298 731 2339 omen
741 2281 812 2341 avis.

72 2373 93 2424 5
114 2363 185 2423 Una
195 2363 271 2420 ratis
281 2362 338 2421 fati
349 2368 472 2431 nostros
483 2363 621 2441 portabit
632 2380 751 2421 arnores
1045 2426 1055 2443 x

155 2441 289 2506 Caerula
303 2445 342 2505 ad
350 2446 490 2505 infernos
501 2444 652 2504 velificata
661 2443 756 2505 lacus.
949 2455 985 2508 40

115 2530 223 2590 Sinon
234 2531 334 2607 nnius,
347 2548 471 2608 quaeso,
482 2531 633 2589 miserere
646 2528 783 2589 duorum.

156 2613 275 2688 Vivam,
286 2615 313 2672 si
322 2614 420 2673 vivet:
440 2614 467 2673 si
478 2612 568 2673 cadet
578 2611 643 2689 illa,
655 2611 770 2672 cadam.

113 2697 176 2756 Pro
191 2695 301 2773 quibus
312 2699 425 2774 optatis
436 2715 524 2755 sacro
535 2714 585 2755 me
597 2697 731 2755 carmine
743 2693 870 2756 damno:

55 2789 96 2843 10
160 2779 299 2838 Scribam
311 2797 368 2857 ego
382 2784 451 2858 ‘per
461 2797 603 2856 magnum
614 2777 697 2838 solva
706 2774 811 2857 puella
822 2779 944 2858 Iovem,’

114 2863 197 2923 Ante
209 2868 340 2942 tuosque
350 2863 448 2944 pedes
459 2861 515 2922 illn
525 2864 593 2942 ipsa
603 2861 751 2941 adoperta
764 2860 897 2941 sedebit,
949 2872 983 2924 45

155 2946 361 3026 Narrabitque
372 2947 485 3008 sedens
496 2947 589 3026 longa
598 2943 717 3027 pericla
730 2964 792 3008 sna.

37 3080 100 3179 211
114 3076 202 3174 idaeo
212 3122 275 3192 tua,
286 3115 499 3193 Persephone,
510 3119 631 3173 maneat
642 3111 816 3190 clementia,
829 3131 889 3175 nec
898 3120 942 3192 tn,

155 3198 373 3278 Persephones
385 3198 525 3275 coniunx,
538 3198 657 3257 saevior
668 3214 738 3255 esse
749 3194 835 3260 velis.

114 3281 193 3342 Sunt
205 3280 285 3362 apud
295 3282 436 3341 infernos
449 3287 497 3342 tot
507 3281 592 3342 milia
602 3280 821 3341 formosarum:
970 3341 973 3349 ,

155 3366 291 3426 Pulchra
302 3367 343 3426 sit
353 3367 386 3425 in
398 3367 529 3445 superis,
541 3367 567 3424 si
579 3363 665 3442 licet,
677 3383 737 3423 nna
746 3364 832 3424 locis.
949 3367 985 3421 50

73 3457 92 3511 5
114 3449 283 3511 Vobiscum
295 3450 438 3529 estlope,
448 3451 604 3509 vobiscum
615 3446 745 3507 candida
756 3447 853 3523 Tyro,

68 3535 277 3593 Pnornnrrns.
765 3536 786 3585 ‘s
