2220 3846
309 212 719 296 LIBER111,s;4‚s.
947 220 1009 286 00

121 377 211 440 Desit
222 379 389 441 odoriferis
401 380 477 440 ordo
489 383 565 441 mihi
574 383 723 461 lancibus,
739 384 840 446 adsint

161 463 273 523 Plebei
282 482 392 543 parvae
403 465 522 524 funeris
534 467 693 544 exequiae.
803 512 806 518 .

122 546 176 607 Sat
187 566 255 607 mea
266 553 313 606 sat
322 566 430 626 magua
442 555 500 625 est,
512 550 539 608 si
548 555 615 608 tres
626 552 689 609 sint
698 569 810 629 pompe
818 551 928 632 libelli,
955 564 989 616 25

65 640 103 693 10
165 632 248 707 Quos
260 649 316 709 ego
327 631 547 709 Persephonae
559 634 686 691 maxima
697 632 777 692 dona
787 634 894 698 feram.

123 713 172 774 Tu
184 733 259 773 vero
270 713 387 773 nudum
396 720 507 792 pectus
519 712 653 773 lacerata
664 719 805 794 sequeris

162 797 228 857 Nec
238 798 337 855 fueri
348 814 462 855 nomen
471 794 551 855 lassa
560 816 671 857 vocure
682 818 793 877 meum,

121 879 296 957 Osculaque
307 880 338 937 iu
350 879 460 958 gelidis
470 899 567 958 pones
578 899 721 960 supreme
734 881 866 958 labellis,

162 964 239 1022 Cum
250 961 371 1026 dabitur
382 963 472 1042 Syrio
484 983 612 1024 munere
621 965 732 1044 plenus
744 986 833 1045 onyx.
953 977 988 1030 30
1051 1022 1053 1029 .

65 1059 99 1110 15
119 1045 252 1123 Deinde,
265 1047 318 1105 ubi
329 1048 503 1126 suppositus
515 1050 652 1107 cinerem
663 1067 712 1107 me
724 1049 838 1109 fecerit
850 1050 952 1127 ardor,

160 1131 300 1209 Accipiat
310 1131 419 1190 Manes
430 1130 556 1209 parvula
565 1137 647 1190 testa
657 1150 753 1208 meos,

118 1214 160 1274 Et
170 1215 212 1273 sit
222 1214 255 1272 in
267 1215 375 1290 exiguo
386 1211 490 1273 laurus
503 1231 597 1292 super
607 1212 712 1273 addita
721 1215 824 1292 busto,

159 1298 245 1373 Quae
255 1302 341 1374 tegat
352 1297 481 1356 extincti
492 1296 611 1357 funeris
623 1299 730 1357 umbro
740 1296 851 1374 locum,

117 1381 160 1439 Et
170 1381 229 1440 duo
241 1381 304 1440 sint
313 1399 431 1457 versus,
444 1382 508 1459 ‘qui
519 1401 600 1442 nunc
611 1383 693 1441 iacet
704 1381 790 1442 arido
800 1381 911 1461 pulvis,
952 1391 986 1445 35

61 1473 98 1525 20
159 1465 256 1543 Unius
266 1465 317 1524 hic
330 1464 482 1542 quondam
494 1484 599 1525 semus
611 1467 722 1526 amoris
734 1471 824 1525 erat!

116 1547 182 1606 Nec
193 1549 291 1606 miuus
301 1548 379 1607 haec
391 1551 492 1607 nostri
501 1555 644 1608 notescet
654 1550 734 1607 fama
746 1548 891 1626 sepulcri,

161 1631 257 1704 Quam
267 1630 391 1689 fueraut
401 1632 510 1689 Phthii
519 1633 610 1689 busta
621 1637 749 1689 cruenta
759 1631 826 1689 viri.

120 1712 149 1773 T
150 1732 170 1771 n
183 1729 305 1790 quoquc
317 1712 343 1770 si
355 1711 476 1790 quando
488 1713 593 1771 venies
606 1711 643 1770 ad
654 1713 727 1789 fata,
739 1719 892 1772 memento

157 1797 228 1854 Hoc
238 1797 316 1854 iter:
339 1794 378 1854 ad
391 1793 511 1874 lapides
523 1797 677 1855 cuna'veni
688 1814 850 1857 memores.
953 1806 987 1858 40
1080 1865 1087 1879 Ι,

62 1888 98 1942 25
118 1880 242 1940 lnterea
253 1897 325 1938 cave
336 1880 378 1938 sis
389 1898 445 1938 nos
457 1885 618 1958 aspernata
628 1877 783 1960 sepultos:
818 1908 819 1915 κ

156 1961 306 2023 Nonnihil
318 1961 357 2021 ad
367 1982 473 2022 verum
488 1964 610 2023 conscia
622 1974 708 2023 terra
719 1965 808 2042 sapit.

118 2048 220 2126 Atque
230 2048 346 2106 utinam
356 2048 465 2126 primis
476 2048 605 2107 animam
616 2066 666 2107 me
675 2065 795 2127 ponere
806 2048 892 2107 cunis

155 2131 296 2190 iussisset
307 2133 431 2210 quaevis
442 2129 482 2191 de
493 2132 594 2191 tribus
604 2151 665 2191 una
676 2131 780 2190 soror!

114 2213 192 2274 Nam
202 2235 262 2294 quo
273 2220 335 2274 tam
346 2214 457 2274 dubiae
470 2221 611 2274 servetur
623 2217 750 2294 spiritus
761 2215 879 2274 horae?
952 2221 984 2274 45

59 2305 96 2360 30
157 2297 299 2357 Nestoris
311 2303 360 2357 est
369 2299 452 2357 visus
462 2305 533 2375 post
543 2300 604 2357 tria
616 2298 716 2357 saeclo
726 2299 804 2357 cinis
812 2319 822 2360 ε,

116 2382 192 2457 Quis
204 2387 267 2440 tam
278 2379 444 2457 longaevae
455 2381 616 2438 minuisset
625 2380 688 2439 fato
699 2386 843 2438 senectae

156 2463 292 2525 Gallicus
303 2462 403 2523 Iliacis
414 2462 503 2523 miles
513 2464 547 2523 in
558 2462 743 2542 aggeribus?

115 2548 184 2609 Non
195 2547 249 2607 ille
260 2545 421 2607 Antilochi
430 2547 560 2607 vidisset
571 2566 682 2626 corpus
693 2546 824 2624 humori,

156 2632 284 2691 Diceret
295 2638 347 2690 aut
358 2635 387 2690 ‘o
399 2651 493 2708 mors,
506 2651 560 2690 cur
572 2632 648 2690 mihi
659 2651 729 2691 sera
739 2632 825 2690 venis
833 2630 861 2689 2²⁹.
931 2640 936 2652 ‘
951 2642 985 2692 50

58 2725 95 2779 35
117 2715 167 2774 Tu
178 2722 281 2774 tamen
292 2715 401 2773 amisso
412 2733 474 2772 non
485 2732 648 2792 numquam
660 2715 750 2775 flebis
762 2714 873 2772 amico:

154 2800 215 2858 Fas
228 2803 276 2857 est
286 2799 473 2876 praeteritos
485 2814 608 2876 semper
620 2815 720 2856 amare
731 2797 823 2856 viros.

115 2882 232 2960 Testis,
248 2883 297 2941 cui
307 2883 429 2941 niveum
442 2879 593 2961 quondam
604 2882 759 2960 percussit
769 2879 892 2940 Adonin

154 2966 327 3028 Venantem
337 2965 431 3025 idalio
443 2966 561 3025 vertice
573 2965 667 3026 durus
678 2984 768 3046 aper:

114 3047 181 3110 Illis
191 3050 358 3124 formosum
372 3050 502 3109 iacuisse
513 3048 685 3128 paludibus,
696 3048 774 3109 illuc
949 3055 982 3107 55

56 3140 95 3194 40
154 3133 276 3192 Diceris
287 3134 386 3192 effusa
396 3140 440 3209 tu,
451 3132 568 3210 Venus,
579 3135 641 3192 isse
655 3153 748 3193 coma.

116 3215 180 3276 Sed
189 3216 306 3277 frustra
315 3222 415 3275 mutos
427 3216 596 3293 revocabis,
608 3217 752 3294 Cynthia,
763 3216 888 3278 Manes:

154 3299 231 3360 Num
241 3318 309 3360 mea
321 3299 394 3378 quid
409 3305 557 3378 poterunt
567 3317 636 3359 ossa
646 3302 761 3362 minuta
771 3300 880 3380 loqui?

65 3549 275 3612 Pnoranmos.
650 3549 652 3553 ’
763 3557 787 3609 's
