2220 3846
130 234 173 299 30
427 228 788 291 PROPERTll

213 401 283 460 Non
295 399 340 457 sie
350 399 471 456 incerto
483 399 639 454 mutentur
650 396 774 454 flumine
786 395 907 476 Syrtes,

255 482 320 542 Nec
330 479 407 540 iulia
418 480 550 538 hiberno
563 484 626 537 tam
636 479 821 539 tremefactu
830 479 924 561 Noto,

160 576 194 628 35
217 567 313 643 Quum
325 566 386 624 cito
399 563 535 623 feminee
544 580 607 620 uon
621 568 743 621 constat
752 562 865 624 foedus
874 565 909 624 iu
920 567 981 649 ira,

253 649 325 710 Sive
337 667 374 707 eu
385 645 595 724 cursegradu,
607 646 672 704 sive
684 663 722 705 ea
734 665 824 706 cauca
834 644 923 711 levis.

212 734 311 809 Nunc,
323 732 466 810 quonium
477 730 537 788 icta
546 729 605 786 tibi
615 726 732 807 placuit
742 732 909 810 sententie,
921 734 1047 798 cedema

254 815 343 892 Tela,
353 832 477 893 precor,
487 812 588 891 pueri,
599 813 734 890 promite
747 819 835 873 acute
846 817 954 895 megia,

210 899 314 976 Figite
326 900 482 955 certantes
493 900 586 973 utque
597 895 677 954 hanc
688 896 764 955 mihi
775 896 887 958 solvite
896 901 1007 963 vitum:

99 1053 102 1058 ,
157 992 193 1045 40
256 981 385 1058 Sanguis
397 980 459 1039 erit
468 979 555 1038 vobis
566 979 694 1038 maxima
704 977 806 1058 pulmu
817 999 914 1044 meus.

213 1106 323 1170 Sidera
333 1111 404 1167 suut
414 1111 513 1165 testes
525 1111 558 1164 ct
567 1106 716 1164 matutine
726 1107 839 1186 pruine

249 1194 292 1253 Et
301 1191 409 1250 furtim
421 1191 534 1250 misero
546 1189 636 1248 icuue
647 1196 756 1269 aperta
765 1191 857 1251 mihis

156 1277 159 1283 ’
212 1276 260 1337 Te
271 1273 350 1335 nihil
359 1275 393 1333 iu
402 1274 465 1333 uita
475 1273 565 1332 uobis
578 1272 734 1353 acceptius
747 1293 905 1353 umquam:

250 1360 339 1419 Nunc
351 1375 473 1437 quoquc
485 1358 558 1433 eris,
570 1358 705 1435 quumvis
716 1359 759 1418 sis
769 1359 894 1421 inimice
905 1360 999 1423 mihi:

156 1453 190 1506 45
211 1442 277 1503 Nec
289 1440 411 1520 domina
422 1438 485 1500 ulla
495 1458 564 1499 meu
575 1447 673 1520 ponet
683 1443 814 1521 vestigia
822 1441 924 1504 lecto:
972 1498 975 1503 .

251 1524 341 1586 Solus
353 1543 418 1603 ero,
431 1525 573 1604 quonium
583 1543 645 1583 nou
657 1523 734 1585 licet
745 1544 815 1587 esse
824 1533 919 1589 tuum.

209 1612 313 1690 Atque
323 1611 450 1686 utinam,
462 1610 488 1668 si
498 1608 582 1668 forte
592 1609 661 1688 pios
672 1607 831 1672 eduximus
842 1630 950 1691 curros,

249 1693 308 1755 llle
318 1695 365 1754 vir
376 1695 410 1752 iu
420 1692 522 1753 medio
533 1693 587 1752 iiut
599 1710 702 1752 umore
713 1691 807 1775 lupis!

155 1792 183 1828 s
205 1821 280 1898 ¹Nou
293 1822 332 1881 ob
343 1839 440 1900 regua
451 1820 546 1898 magis
559 1819 636 1879 diri·
648 1821 794 1882 cecidere
804 1824 861 1883 rub
873 1824 968 1886 ermis

155 1913 190 1967 50
253 1905 396 1967 Thebani
410 1903 511 1964 medie
522 1921 585 1962 nou
596 1905 664 1963 sine
676 1913 775 1966 matre
786 1904 890 1969 duces.

209 1991 316 2068 Quum,
327 1991 403 2050 mihi
414 1991 440 2048 si
451 1987 553 2046 media
561 1986 658 2047 liceat
668 1990 931 2072 pugurrepuellu,

249 2074 386 2134 Mortem
398 2091 454 2149 ego
466 2090 528 2130 non
539 2071 653 2150 fugium
663 2080 764 2134 morte
776 2076 881 2135 cubire
891 2081 955 2136 tue.

447 2282 750 2298 *u—
789 2292 797 2301 ι

239 2470 963 2568 8ΕΧ.Ρ11οΡΕ11ΉΙ

427 2632 768 2716 ELEGIARUM

324 2776 517 2843 uluuu
558 2780 857 2844 uuuuuus.
1017 2777 1075 2861 pt]

164 2945 184 3035 1
204 2938 274 3039 Sed
283 2985 404 3061 tempus
415 2982 549 3043 lustrare
561 2981 629 3043 aliie
639 2982 792 3044 Helicona
803 2981 944 3061 choreis,
1026 2943 1072 3042 1⁰

244 3063 286 3125 Et
297 3085 436 3144 campum
446 3066 617 3125 Haemonio
629 3068 690 3126 ium
701 3067 777 3128 dure
788 3073 910 3146 tempus
922 3083 1013 3145 eque.

204 3147 266 3208 lum
276 3146 358 3209 libet
369 3154 402 3208 et
412 3149 511 3208 fortes
525 3167 697 3211 memorare
709 3151 748 3212 ud
758 3149 881 3232 proelia
890 3155 1008 3212 turmas

244 3233 287 3292 Et
296 3232 432 3291 Romane
442 3233 504 3292 mei
516 3231 622 3293 dicere
635 3242 736 3296 castre
746 3234 842 3296 ducis.

165 3324 182 3375 5
204 3314 295 3392 Quod
305 3315 331 3373 si
343 3313 489 3374 deficiunt
499 3317 592 3395 vires,
603 3318 729 3380 cudceiu
739 3325 827 3380 certe

243 3397 324 3456 Leuc
335 3399 412 3458 erit:
433 3400 467 3459 in
477 3402 594 3480 maguis
605 3403 783 3465 etvoluisse
795 3409 844 3462 sut
855 3408 912 3462 eet.

204 3481 299 3542 Aetas
309 3484 408 3563 primu
419 3492 508 3548 cunct
518 3486 672 3568 Veneres,
684 3493 823 3550 extrema
833 3481 995 3549 tumultus.
