2220 3846
302 184 496 246 arana
537 184 733 265 1V‚a‚⁷,o.
952 185 995 251 or

77 361 102 415 ‚6
123 349 187 412 Seu
196 350 335 411 timidam
347 352 458 411 crebro
471 350 627 411 dementia
638 352 755 411 somnia
764 357 898 432 terrent,

166 435 229 496 Seu
239 435 383 495 miseram
393 435 426 494 in
436 432 541 495 tabula
553 435 638 514 picta
649 432 754 514 puella
764 443 882 511 movet;

123 517 183 578 His
194 536 252 597 ego
264 519 427 578 tormentis
439 519 531 578 animi
542 538 608 578 sum
619 533 711 578 verus
722 537 863 599 aruspex,

163 601 228 661 Has
240 600 334 662 didici
345 607 434 662 certo
445 619 539 680 saepe
549 603 582 661 in
593 620 698 661 amore
709 608 807 663 notes.

122 684 192 745 Non
203 690 252 744 est
261 691 348 745 certa
356 684 447 761 fides,
460 704 549 763 quam
559 703 622 743 non
632 686 745 744 iniuria
755 690 873 766 versat:

76 778 103 831 to
165 768 316 830 Hostibu
328 769 451 827 eveniat
460 765 548 827 lenta
556 767 662 848 puella
672 770 759 830 meis.

122 851 261 912 Inmorso
273 849 417 930 aequales
427 850 551 911 videant
560 870 629 911 mea
637 851 765 912 vulnera
775 849 871 912 collo:

165 935 221 996 Me
233 933 343 994 doceat
352 933 431 995 livor
442 954 562 995 mecum
571 936 715 996 habuisse
728 954 836 998 meam.

122 1020 187 1078 Aut
200 1020 231 1078 in
244 1037 347 1079 amore
360 1016 469 1078 dolere
480 1017 551 1079 uolo
565 1025 618 1078 aut
628 1017 735 1078 audire
748 1017 918 1096 dolentem,

126 1166 128 1170 ,
165 1102 236 1163 Sive
246 1120 330 1162 meas
339 1100 482 1163 lacrimas
494 1105 558 1163 sive
569 1101 678 1161 videre
689 1108 773 1162 tuas:
835 1110 838 1115 ’

75 1193 102 1245 25
126 1185 224 1245 'l'ecta
235 1183 411 1266 superciliis
423 1187 450 1245 si
462 1184 584 1264 quando
595 1185 690 1245 verba
699 1185 845 1262 remittis,

165 1270 228 1328 Aut
238 1275 291 1329 tua
302 1287 371 1328 cum
382 1268 487 1346 digitis
498 1269 615 1348 scripta
626 1267 746 1329 silenda
756 1273 854 1328 notos.

125 1351 186 1413 Odi
200 1371 269 1432 ego,
287 1372 379 1432 quum
389 1371 554 1432 numquam
562 1358 704 1433 pungunt
714 1352 846 1432 suspiria
857 1368 995 1410 somnost

166 1435 296 1516 Semper
306 1437 339 1496 in
349 1437 429 1497 irata
439 1435 571 1516 pallidus
583 1455 653 1496 esse
664 1434 767 1498 velim.

123 1514 252 1579 Dulcior
262 1521 342 1597 ignis
354 1526 422 1579 erat
430 1520 548 1598 Poridi,
561 1539 629 1580 oum
640 1520 734 1581 Graia
744 1537 802 1598 per
813 1538 897 1578 arma

74 1609 104 1663 30
167 1600 340 1678 Tyndaridi
350 1608 475 1680 poterat
485 1601 594 1679 gaudia
603 1603 691 1661 ferre
702 1619 784 1662 suae.

124 1684 205 1743 Dum
214 1683 341 1742 vincunt
351 1684 458 1761 Danai,
470 1682 542 1744 dum
551 1689 652 1743 restat
661 1685 809 1744 barbarus
819 1683 950 1762 Hector,

164 1764 223 1826 Ille
233 1763 375 1826 Helenae
386 1767 420 1825 in
432 1769 549 1845 gremio
561 1768 690 1827 maxima
699 1765 784 1827 bella
795 1769 885 1845 gerit.

123 1851 188 1910 Aut
198 1855 301 1910 tecum
311 1856 363 1910 aut
372 1870 430 1930 pro
443 1857 476 1910 te
487 1851 563 1911 mihi
575 1871 644 1912 cum
654 1848 800 1910 rivalibus
813 1870 895 1910 arma

165 1932 298 2014 Semper
309 1940 417 1994 erunt:
438 1935 471 1994 in
482 1940 515 1994 te
525 1954 584 2015 par
594 1935 670 1994 mihi
680 1931 765 1993 nulla
775 1933 886 2014 placet.

74 2023 105 2079 35
126 2016 245 2096 Gaude,
257 2016 436 2099 quodnulla
450 2024 499 2078 est
509 2036 608 2098 aeque
619 2019 770 2078 formosa:
792 2016 929 2096 doleres,

142 2139 145 2144 -
166 2101 200 2162 Si
212 2102 380 2181 quaforetr
400 2121 482 2162 nunc
493 2104 537 2162 sis
546 2103 616 2162 iure
627 2102 761 2182 superba
771 2098 856 2162 licet.

124 2186 168 2245 At
177 2186 245 2264 tihi,
258 2187 310 2264 qui
320 2191 428 2246 nostro
439 2186 553 2246 nexisti
564 2187 645 2246 retia
655 2183 750 2264 lecto,

166 2267 216 2328 Sit
226 2287 316 2328 socer
328 2274 488 2329 aeternum
499 2288 558 2330 nec
569 2271 637 2329 sine
648 2275 747 2329 matre
760 2268 877 2330 domus.

124 2351 185 2413 (lui
195 2370 277 2411 nunc
291 2353 319 2411 si
332 2372 392 2431 qua
402 2350 473 2412 data
484 2359 533 2413 est
544 2352 795 2432 furandae-copia
806 2353 918 2429 noctis,

75 2441 107 2496 to
169 2435 296 2496 Offensa
306 2433 363 2496 illa
373 2431 459 2515 mihi,
470 2454 534 2496 non
544 2437 602 2496 tibi
614 2437 720 2516 amica,
732 2435 829 2497 dedit.

85 2564 110 2660 8
124 2565 305 2681 Maecenas,
318 2620 414 2682 eques
424 2604 558 2666 Etrusco
570 2603 610 2665 de
622 2580 770 2683 sanguine
781 2620 899 2680 regum,
968 2564 994 2657 ll

165 2686 251 2746 intra
261 2685 416 2746 fortunam
427 2689 481 2766 qui
492 2690 578 2767 cupis
590 2706 659 2749 esse
671 2694 764 2763 tuam,

126 2769 208 2847 Quid
219 2787 269 2828 me
281 2769 439 2830 scribendi
450 2777 512 2831 tum
522 2779 640 2832 vastum
651 2771 748 2830 mittis
758 2770 792 2828 in
803 2764 954 2846 aequori*

165 2852 235 2914 Non
247 2860 319 2914 sunt
329 2861 400 2936 apta
410 2873 498 2915 meae
511 2856 638 2935 pendia
648 2851 719 2915 vela
729 2853 798 2914 rati.

90 2945 105 2998 5
125 2936 234 3018 Turpe
245 2944 305 3015 est,
316 2938 400 3019 quod
409 2958 557 3020 nequeas,
570 2941 665 3020 capiti
675 2935 995 3017 committerepondus

164 3021 207 3082 iit
216 3039 358 3102 pressum
368 3024 482 3085 inflexo
494 3044 564 3084 mor
576 3024 651 3083 dare
661 3029 752 3101 terga
763 3040 852 3099 genu.

126 3104 235 3166 Omnia
245 3124 308 3166 non
318 3109 439 3187 pariter
448 3125 554 3167 rerum
565 3112 637 3167 sunt
649 3108 789 3166 omnihus
801 3112 881 3185 apta,

164 3188 259 3249 Fumo
269 3208 328 3250 nec
340 3209 377 3250 er
389 3208 487 3270 aequo
501 3191 624 3251 ducitur
634 3189 698 3249 ulla
710 3191 791 3267 iugo.

124 3271 233 3334 Gloria
243 3273 379 3353 Lysippo
393 3279 442 3333 est
451 3276 588 3335 animosa
598 3274 751 3353 effingere
763 3274 860 3351 signa,

73 3366 106 3418 10
166 3357 291 3418 Exactis
303 3357 435 3418 calamis
447 3377 481 3435 se
491 3359 567 3418 mihi
577 3360 672 3418 iactat
683 3359 781 3438 equis,

124 3440 159 3502 ln
169 3439 305 3503 Veneris
316 3440 420 3504 tabula
431 3461 577 3505 summam
589 3444 649 3504 sibi
658 3436 897 3580 ponitplpelles,
