2174 3826
86 219 131 288 oe
385 169 748 281 ruoru'cum

215 387 400 449 Alternonte
410 405 520 447 vorans
530 390 615 446 vasta
627 384 804 463 Charybdis
816 407 911 467 aqua,

121 480 156 535 35
176 472 306 552 Ipsaque
318 470 422 531 sidero
432 475 524 530 erunt
534 466 630 528 nullis
641 469 773 528 obscura
784 473 945 533 tenebris:

217 556 318 615 Purus
329 560 362 614 et
373 555 481 632 Orion,
493 572 588 632 purus
601 557 633 611 et
643 551 770 612 Haedus
782 554 856 614 erit.

176 638 267 716 Quod
277 640 352 698 mihi
363 639 390 698 si
399 636 544 717 ponenda
554 642 607 698 tuo
619 637 660 695 sit
669 655 806 715 corpore
817 640 893 718 vita,

217 723 326 784 Exitus
336 723 387 782 hic
398 723 487 781 nobis
499 740 562 780 non
572 721 754 779 inhonestus
769 721 843 782 erit.

103 853 161 948 23
177 853 224 948 dt
233 907 286 947 vos
297 889 457 965 incertam,
470 886 629 963 mortales,
640 888 760 946 funeris
771 887 885 950 horam

220 972 388 1050 Quaeritis,
401 977 434 1031 et
446 992 506 1051 qua
516 973 558 1032 sit
568 991 651 1032 mors
663 969 784 1031 aditura
795 972 856 1050 via,

178 1056 333 1133 Quaeritis
345 1062 378 1115 et
390 1054 488 1134 caelo,
502 1056 692 1120 Phoenicum
701 1055 839 1133 inventa,
852 1074 966 1133 serem,

199 1141 285 1216 Quae
296 1141 337 1200 sit
349 1138 440 1201 stello
449 1139 567 1200 homini
577 1138 736 1200 commoda
747 1157 894 1219 quaeque
903 1137 975 1215 ιιΙι,

139 1232 156 1285 5
178 1223 241 1284 Seu
257 1223 389 1304 pedibus
398 1224 532 1285 Parthos
543 1225 684 1303 sequitur
694 1241 750 1283 seu
762 1223 863 1283 classe
874 1225 980 1284 Britmu

217 1307 261 1367 ut
270 1310 363 1368 maris
376 1315 409 1368 et
419 1315 524 1368 terrae
535 1326 626 1369 coeca
635 1305 755 1387 periclo
764 1308 853 1382 viae3

175 1387 293 1450 Rursus
305 1397 338 1448 et
349 1393 503 1450 obiectum
513 1393 597 1451 fletis
608 1392 702 1470 capiti
713 1408 782 1450 esse
793 1391 961 1469 tumultum,

216 1471 293 1532 cam
304 1472 429 1532 Mavors
443 1472 551 1534 dubias
562 1476 672 1534 miscet
682 1476 841 1553 utrimque
852 1495 959 1552 manus,

175 1555 345 1617 Praetereo
355 1554 495 1617 domibus
505 1560 666 1636 flammam,
677 1557 883 1639 domibusque
895 1561 982 1632 mim

122 1647 159 1702 10
219 1641 287 1702 Neu
298 1644 428 1703 subeant
437 1638 535 1704 labris
545 1640 657 1724 pocula
667 1645 756 1721 nigre
765 1644 840 1705 tuis.

177 1723 267 1785 Solus
278 1746 381 1787 amans
391 1729 487 1805 novit,
500 1727 621 1807 quondo
631 1728 789 1807 periturus
800 1733 835 1787 et
848 1748 866 1787 a
877 1746 933 1807 qua

216 1809 333 1884 Morte,
344 1829 448 1888 neque
458 1812 850 1889 hicBoreaeflabreueque
859 1830 937 1871 arms

174 1893 237 1953 lam
247 1891 324 1952 licet
336 1900 368 1952 et
379 1893 486 1971 Stygia
497 1893 605 1953 sedeat
613 1897 671 1954 sub
683 1893 837 1956 arundine
848 1912 953 1969 remex,

216 1976 333 2035 Cernat
343 1983 376 2035 et
386 1977 527 2035 infernae
538 1979 640 2035 tristia
650 1975 719 2035 vela
730 1981 806 2038 ratis
815 2000 824 2037 ι

122 2062 156 2117 15
178 2057 211 2116 Si
222 2055 314 2113 modo
325 2056 499 2114 demnatum
508 2059 701 2116 revocaverit
713 2078 787 2119 aura
796 2061 931 2140 paellae,
1010 2088 1017 2110 ·

214 2136 402 2196 Concessum
412 2135 496 2195 nulla
504 2135 576 2213 lege
588 2135 705 2196 redibit
714 2140 785 2198 iter.
876 2157 879 2163 ·

95 2268 155 2362 24
171 2267 325 2384 luppiter,
337 2304 468 2365 affectae
478 2303 604 2366 tandem
614 2307 764 2366 miserere
774 2305 922 2386 puellae:

213 2388 291 2448 Tam
301 2389 437 2450 formosa
446 2395 532 2451 tuum
541 2398 661 2453 mortua
673 2391 789 2451 crimen
802 2394 876 2455 erit.

171 2474 269 2538 Venit
278 2475 361 2535 euim
373 2481 506 2556 tempus,
518 2496 579 2555 quo
590 2474 727 2536 torridus
740 2481 863 2536 aestuat
873 2496 935 2556 aer,

212 2558 324 2637 Incipit
337 2565 370 2619 et
380 2561 463 2618 'sicco
474 2561 598 2620 fervere
609 2566 695 2620 terra
707 2559 800 2619 Cane.

128 2650 149 2702 5
171 2641 234 2702 Sed
245 2661 307 2702 nou
318 2649 380 2702 tam
391 2641 512 2704 ardoris
524 2642 613 2726 culpa
623 2649 672 2704 est
682 2660 784 2723 neque
796 2644 926 2704 crimina
935 2634 993 2710 cttlir

212 2728 307 2804 Quam
322 2729 438 2788 totiens
450 2736 572 2791 sanctos
581 2749 644 2790 nou
657 2729 801 2788 hahuisse
812 2726 898 2788 deos.

169 2810 238 2869 Hoc
248 2812 355 2888 perdit
366 2815 505 2890 miseras,
516 2815 576 2873 hoc
585 2812 725 2892 perdidit
737 2818 808 2871 ante
817 2810 950 2890 puellas:

210 2892 363 2968 Quicquid
374 2898 525 2970 iurarunt,
536 2901 645 2952 ventus
656 2899 689 2952 et
699 2893 781 2954 unda
790 2896 883 2974 rapit.

168 2970 248 3031 Num
259 2972 319 3031 sibl
330 2972 472 3033 collatam
484 2974 583 3035 doluit
593 2976 698 3036 Venus
709 2978 777 3056 ipsa
786 2975 972 3059 paremque!

116 3063 151 3116 10
210 3055 290 3115 Prae
302 3074 337 3118 se
347 3056 492 3116 formosis
503 3057 654 3119 invidiosa
665 3060 724 3119 dea
735 3068 792 3123 et.

169 3139 219 3198 An
230 3145 406 3222 contempta
415 3141 473 3200 tibi
485 3142 608 3201 lunonis
620 3143 735 3225 templu
745 3142 922 3223 Pelasgae?

208 3221 342 3284 Palladis
357 3232 408 3285 out
420 3224 526 3286 oculos
538 3245 609 3285 ausa
619 3245 734 3306 negare
746 3230 867 3288 boues?
936 3264 939 3268 »

170 3303 310 3385 Semper,
321 3309 486 3385 formosae,
498 3328 560 3368 non
571 3314 670 3372 nostis
680 3331 810 3391 parcere
820 3315 936 3376 verbis.

207 3388 276 3449 Hoc
286 3391 343 3450 tibi
354 3390 460 3469 lingua
471 3411 596 3471 nocens,
608 3394 669 3455 hod
677 3397 734 3455 tibi
748 3397 847 3456 forma
859 3394 955 3459 dedit.
972 3426 975 3431 >

114 3480 147 3556 ¹⁵!
169 3471 233 3534 Sed
242 3474 301 3536 tibi
313 3480 438 3537 vexatae
449 3495 508 3558 per
519 3476 615 3540 multo
625 3477 765 3559 pericula
775 3482 857 3540 vitae
