2220 3846
368 243 736 325 amarunt
968 249 1029 317 lu

155 391 297 491 Denique
311 414 378 491 quis
390 419 496 473 nostro
510 432 634 473 curvum
646 419 677 472 te
688 412 800 474 funere
811 416 898 496 vidit,

196 498 304 557 Atram
317 497 384 575 quis
396 492 537 556 lacrimis
543 496 707 556 incaluisse
719 500 844 575 togam?

97 576 101 584 '
156 579 189 639 Si
200 580 299 659 piguit
309 586 415 659 portas
426 579 509 639 ultra
519 578 704 658 procedere,
715 585 746 639 at
756 580 833 640 illuc

100 671 136 724 30
197 663 352 740 lusisses,
362 663 479 722 lectum
488 661 604 721 lentius
615 663 663 722 ire
674 682 784 727 meum.

155 747 338 806 Conventus
350 747 491 825 non'ipse
503 746 599 823 rogis,
610 747 743 825 ingrate,
755 749 885 826 petisti?

196 831 259 890 Cur
269 827 367 888 nardo
378 830 517 888 ssammae
530 848 593 888 non
605 826 713 914 oluere
724 831 834 890 meae?

152 913 221 972 lloc
233 914 327 971 etiam
337 931 428 991 grave
440 920 517 990 erat,
529 911 614 972 nulla
624 913 769 974 mercede
782 915 966 994 hyacinthos

193 995 314 1056 inicere
327 1003 360 1056 et
369 996 468 1057 fracto
480 999 570 1057 busta
581 999 668 1077 piare
681 997 766 1059 cado.

98 1086 132 1139 35
153 1078 326 1158 Lygdamus
337 1087 455 1159 uratur,
468 1079 633 1140 candescat
642 1080 754 1139 lamina
765 1098 896 1140 vernae:

194 1163 285 1223 Sensi
298 1167 366 1242 ego,
380 1185 448 1224 cum
458 1163 579 1223 insidiis
590 1161 704 1242 pallida
714 1158 784 1222 vina'
793 1164 868 1225 bibi.

151 1247 194 1306 At
203 1244 315 1306 Nomas
328 1267 452 1306 arcanas
465 1244 558 1306 tollat
566 1252 690 1306 versuta
702 1245 828 1307 salivas:

191 1329 283 1391 Dicet
295 1329 451 1390 damnatas
462 1332 554 1409 ignea
565 1337 646 1390 testa
657 1350 773 1392 manus.

152 1413 237 1489 Quae
249 1413 340 1474 modo
352 1433 411 1495 per
421 1414 499 1475 viles
511 1415 652 1495 inspecta
664 1422 713 1475 est
723 1412 847 1496 publica
857 1421 977 1495 noctes,

97 1503 132 1556 40
194 1498 280 1558 Ilaec
290 1518 371 1558 nunc
383 1506 488 1559 aurata
500 1498 626 1578 cyclade
638 1501 739 1577 signat
748 1500 873 1559 humum

151 1580 193 1638 Et
203 1582 343 1655 graviora
352 1580 502 1659 rependit
509 1583 624 1659 iniquis
635 1599 731 1660 pensa
742 1580 891 1658 quasillis,
989 1596 996 1607 ³

194 1657 327 1720 Garrula
338 1660 377 1720 de
388 1662 468 1721 facie
480 1664 507 1721 si
519 1682 577 1739 qua
586 1661 691 1721 locuta
701 1681 770 1722 mea
781 1669 844 1722 est:

151 1743 325 1822 Nostraque
338 1743 421 1822 quod
433 1742 541 1804 Petale
553 1744 625 1804 tulit
636 1743 674 1803 ad
685 1747 872 1807 monimenta
883 1766 1022 1827 coronas,

193 1827 318 1888 Codicis
329 1827 468 1906 inmundi
480 1826 601 1888 vincula
613 1831 709 1888 sentit
720 1848 809 1888 anus:
1103 1838 1106 1843 ’

95 1919 128 1971 45
153 1909 302 1970 Caeditur
315 1918 347 1971 et
360 1910 473 1992 Lalage
485 1914 576 1972 tortis
589 1932 737 1993 suspensa
749 1911 879 1992 capillis,

190 1994 253 2054 Per
264 2014 376 2054 nomen
388 1998 531 2075 quoniam
543 2003 591 2056 est
603 2016 674 2056 ausa
687 2016 797 2076 rogare
809 2016 919 2060 meum.

150 2078 198 2137 Te
208 2080 346 2158 patiente
359 2098 446 2139 meae
458 2082 752 2159 conflavitimaginis
763 2089 878 2160 aurum,

190 2161 330 2222 Ardente
342 2182 359 2222 e
371 2170 478 2225 nostro
491 2163 596 2224 dotem
607 2166 750 2225 habitura
760 2184 846 2244 rogo.

151 2243 221 2303 Non
230 2251 334 2305 tamen
345 2248 492 2323 insector,
507 2250 641 2325 quamvis
652 2266 804 2326 mereare,
817 2251 980 2330 Properti:
994 2274 998 2281 ’

95 2336 131 2388 50
190 2328 296 2407 Longa
307 2347 375 2388 mea
386 2331 418 2388 in
428 2329 517 2388 libris
528 2348 625 2406 regna
635 2331 724 2388 fuere
735 2332 806 2389 tuis.

148 2411 218 2470 Iuro
231 2430 288 2490 ego
299 2411 446 2471 Fatorum
457 2410 537 2472 nulli
547 2410 722 2471 revolubile
734 2429 869 2488 carmen,

191 2495 458 2573 Tergeminusque
470 2497 553 2555 canis
565 2495 609 2554 sic
620 2496 696 2555 mibi
707 2491 800 2553 molle
812 2502 911 2572 sonet,

148 2577 203 2637 Me
216 2597 354 2638 servasse
365 2578 467 2639 fldem.
490 2580 517 2639 si
528 2575 733 2658 fallo,vipera
744 2578 858 2636 nostris

190 2659 302 2720 Sibilet
312 2662 344 2720 in
355 2661 479 2721 tumulis
492 2668 524 2720 et
534 2659 628 2742 super
640 2681 708 2721 ossa
716 2661 820 2719 cubet.

94 2751 129 2804 55
149 2743 226 2804 Nam
238 2744 359 2821 gemina
371 2750 420 2804 eat
431 2744 522 2804 sedes
534 2751 657 2824 turpem
667 2744 777 2803 sortita
787 2761 846 2822 per
859 2761 988 2822 amnem,
1011 2746 1014 2751 ’

191 2827 359 2906 Turbaque
371 2826 493 2888 diversa
503 2830 634 2907 remigat
644 2828 742 2887 omnis
754 2846 840 2906 aqua.

147 2910 216 2970 Una
227 2910 493 2989 Clytaemnestrae
505 2918 645 2993 stuprum
655 2912 750 2988 vehit,
762 2910 860 2970 altera
872 2912 1004 2973 Cressae

188 2994 296 3053 Portat
307 2997 454 3056 mentitae
465 2995 568 3074 lignea
578 3001 715 3055 monstra
725 2994 820 3055 boris.

148 3077 231 3138 Ecce
243 3085 389 3138 coronato
400 3098 472 3158 pars
483 3077 581 3138 altera
592 3086 681 3138 vecta
692 3076 832 3157 phaselo,

92 3167 129 3222 60
190 3159 313 3221 Mulcet
322 3164 376 3220 ubi
387 3160 510 3240 Elysias
523 3182 594 3221 aura
605 3164 697 3220 beata
707 3179 804 3238 rosas,

150 3246 216 3322 Qua
230 3263 394 3304 numerosa
409 3244 498 3324 fides,
518 3263 638 3324 quaque
650 3261 722 3303 aera
732 3240 865 3303 rotunda
876 3240 1020 3318 Cybebes

189 3328 389 3407 Mitratisquc
401 3335 511 3387 sonant
520 3327 620 3408 Lydia
630 3325 751 3408 plectra
762 3326 873 3386 choris.

147 3409 410 3491 Andromedeque
429 3417 462 3470 et
477 3412 726 3493 Hypermnestre
745 3410 812 3468 sine
828 3402 939 3466 fraude
956 3422 1021 3462 ma-

628 3495 708 3553 ritae
