2220 3846
382 203 742 267 PROPERTII

209 379 276 454 Qua
285 382 359 456 pote
372 375 513 453 quisque,
523 372 557 431 in
568 390 605 431 ea
616 376 758 431 conterat
769 378 836 433 arte
849 372 945 438 diemss

166 463 247 522 Laus
257 461 291 519 in
302 456 405 519 amore
416 457 507 533 mori,
516 453 584 516 laus
596 453 703 533 altera,
715 457 742 514 si
754 455 845 516 datur
856 477 918 520 nno

206 545 302 604 Posse
313 543 391 603 frui:
411 541 497 600 fruar
509 560 527 598 o
540 537 622 598 uolua
635 557 739 598 amore
750 541 836 599 meo!

168 627 202 688 Si
212 624 348 705 memini,
361 624 442 686 uolet
454 621 511 685 illa
520 621 606 683 leves
620 620 746 702 culpare
748 621 877 766 ΙῗιιιιῙΙιιι

114 724 149 774 50
209 713 357 772 Ettotam
371 707 739 785 cxllelenanonprobat
775 706 853 769 iada.
931 725 932 728 ’

167 795 230 855 Seu
240 795 316 853 mihi
327 795 389 853 sint
400 790 554 870 tangenda
564 808 716 849 novercae
730 790 842 869 pocula
851 794 1018 859 Phaedrae.

207 874 324 937 Pocula
334 877 549 956 privignonon
560 875 702 932 nocitura
713 892 780 953 uo,
1017 872 1018 877 ’

167 961 230 1020 Seu
240 961 317 1019 mihi
329 961 458 1020 Circaeo
469 955 663 1038 pereundum
673 963 723 1017 est
733 961 883 1038 gramine,
896 964 962 1024 eive

209 1042 334 1121 Colchis
346 1041 522 1103 Colchiacia
532 1045 602 1100 urat
613 1059 689 1100 aena
699 1042 790 1122 focis,

113 1139 147 1190 55
167 1129 235 1189 Una
246 1146 332 1187 meos
344 1126 487 1206 quoniam
497 1123 646 1205 praedata
657 1131 707 1185 est
717 1126 834 1189 femina
844 1147 966 1214 sensus,

206 1213 253 1272 Ex
263 1212 320 1271 hac
332 1209 484 1270 ducentur
493 1210 605 1269 funera
615 1216 722 1268 nostra
733 1208 834 1275 domo.

167 1296 282 1355 Omnes
292 1296 441 1354 humanos
454 1299 541 1354 sanat
550 1292 704 1353 medicina
715 1292 854 1374 dolores,
879 1369 881 1373 y

207 1378 393 1437 Solusamor
405 1378 506 1436 morbi
516 1396 580 1436 non
591 1384 670 1436 emat
681 1379 840 1441 artificem.

168 1459 272 1521 Tarda
281 1458 476 1520 Philoctetae
488 1461 605 1520 sanavit
618 1480 709 1520 crura
722 1463 886 1544 Machaon,

113 1553 148 1608 60
208 1545 374 1606 Phoenicis
387 1546 505 1605 Chiron
515 1542 631 1604 lumina
641 1545 843 1625 Phillyrides,

165 1629 208 1690 Et
220 1628 295 1688 deus
308 1629 477 1693 extinctum
488 1629 610 1689 Cressis
620 1628 806 1708 Epidaurius
817 1631 926 1694 herbis

206 1711 356 1773 Restituit
365 1713 474 1793 patriis
484 1712 693 1790 Androgeona
701 1713 792 1794 focis,
941 1720 962 1768 ἰ

165 1797 274 1875 Myous
285 1803 318 1856 et
330 1797 500 1857 Haemonia
510 1797 629 1856 iuvenis
641 1815 700 1875 qua
713 1797 840 1878 cuspide
850 1799 961 1863 vulnus

85 1911 88 1916 ·
208 1879 366 1960 Senserat,
377 1882 435 1940 hac
444 1880 512 1960 ipsa
523 1878 650 1959 cuspide
661 1882 761 1941 sensit
772 1902 871 1962 opem.
1012 1953 1015 1958 ,

112 1972 146 2026 65
167 1965 236 2024 Hoc
247 1966 274 2024 si
286 1965 353 2045 quis
364 1966 471 2025 vitium
481 1965 599 2043 poterit
609 1964 685 2023 mihi
697 1964 834 2045 demere,
847 1965 930 2028 solus

208 2047 377 2108 Tantaleae
387 2049 506 2127 poterit
516 2046 642 2107 tradere
653 2067 744 2127 poma
754 2069 859 2110 manu:
881 2113 882 2116 ,

165 2130 256 2191 Dolia
267 2132 414 2210 virgineis
424 2129 508 2189 idem
518 2130 571 2190 illc
583 2133 754 2213 repleverit
764 2137 861 2210 urnis,

204 2215 233 2274 N
234 2233 251 2274 c
262 2221 372 2274 tenera
383 2212 503 2274 assidua
515 2213 595 2275 colla
605 2222 771 2295 graventur
782 2236 875 2294 aqua:

164 2297 249 2358 Idem
262 2298 408 2359 Caucasia
419 2296 518 2358 solvet
529 2298 568 2359 de
580 2295 658 2384 rupe
668 2299 848 2359 Promethei

111 2389 145 2443 70
204 2382 335 2442 Brachia
346 2382 519 2443 etamedio
530 2390 660 2464 pectore
671 2381 771 2463 pellet
781 2402 880 2443 avem>

164 2464 423 2549 Quandocumque
434 2469 530 2546 igitur
540 2470 633 2530 vitam
643 2486 712 2527 mea
722 2467 786 2528 fata
797 2471 965 2548 reposcent

111 2557 114 2562 '
203 2549 245 2610 Et
257 2552 351 2611 breve
362 2553 395 2611 in
406 2552 515 2630 exiguo
526 2569 679 2611 marmore
691 2571 882 2629 homonem,

162 2632 338 2712 Maecenas,
349 2642 474 2695 nostrae
486 2654 558 2715 apes
568 2633 719 2696 invidiosa
730 2637 883 2714 iuventae,

203 2716 246 2778 Et
255 2719 335 2778 vitae
347 2725 380 2780 et
389 2721 483 2781 morti
495 2719 595 2798 gloria
604 2721 686 2781 iusta
696 2738 793 2799 meae,

110 2805 142 2860 75
165 2798 242 2860 site
253 2802 337 2864 forte
348 2823 416 2865 meo
429 2803 522 2863 ducet
532 2804 580 2862 via
590 2803 730 2883 proxima
741 2805 844 2879 busto,

202 2884 321 2947 Esocda
332 2888 460 2948 caelatis
472 2887 548 2944 iate
559 2885 709 2942 Britanna
719 2884 810 2959 iugis,
936 2954 945 2961 ι

161 2966 312 3050 Taliaque
323 2970 520 3031 inlacrimans
531 2970 633 3023 mutae
644 2965 712 3023 iace
722 2966 817 3025 verba
829 2965 961 3045 favillae,

202 3053 294 3114 ‘Huic
305 3055 418 3113 misero
429 3049 526 3108 fatum
537 3045 614 3106 dura
623 3045 728 3126 puella
739 3048 821 3111 fuit?

117 3183 144 3274 2
157 3181 258 3279 [tiber
269 3234 353 3274 eram
365 3221 397 3274 ct
409 3235 503 3274 vacuo
515 3215 687 3278 meditabar
697 3218 802 3277 vivere
815 3215 913 3296 lecto,

198 3301 241 3357 At
251 3315 300 3356 me
312 3300 481 3378 composita
491 3318 567 3380 pace
578 3301 695 3362 fefellit
706 3304 811 3362 Amor.

159 3381 223 3439 Gur
234 3380 311 3440 hacc
321 3383 354 3441 in
365 3385 460 3443 terris
470 3384 567 3446 facies
577 3388 709 3447 hnmana
720 3385 883 3446 moratur?

196 3464 345 3548 luppiter,
356 3467 465 3548 Ignoto
476 3470 607 3550 pristina
617 3472 701 3531 furta
709 3468 770 3531 tua.
