2220 3846
279 198 471 261 ulnnn
513 179 737 281 1,·1o,11,1n}
945 204 986 273 ll
1081 162 1085 167 ι

63 378 98 429 10
160 364 291 426 Porvulc
301 366 436 426 Lucrino
445 367 553 445 cymino
566 372 706 426 moretur
717 387 803 446 equs,

11 453 17 458 '
116 452 180 511 Aut
189 454 297 508 teneat
309 449 441 509 clausam
450 451 539 509 tenui
550 449 755 510 Teuthrantis
764 453 798 510 in
808 451 889 514 uude

144 574 145 578 ,
157 532 308 592 Alternoe
320 531 422 592 facilis
434 532 549 593 cedere
561 531 689 613 lympha
697 553 799 611 moun,

117 616 213 692 Quom
224 621 312 675 vocet
322 614 451 675 ulterius
464 615 596 675 hlondos
606 616 714 676 audire
726 636 868 680 susurros
916 664 919 672 .

157 696 301 761 Molliter
310 700 345 759 in
355 700 453 758 tacito
462 696 559 759 litore
570 700 780 778 compositum,

60 792 94 844 15
115 782 160 842 Ut
170 782 252 841 solet
264 789 365 841 emoto
375 779 441 841 lubi
452 780 580 841 custode
589 780 698 862 puello

154 865 290 942 Perfida,
303 883 478 926 communes
488 883 547 926 nec
560 868 737 927 meminisse
749 866 842 944 deos3
926 912 930 923 .
978 934 979 939 γ

114 948 185 1009 Non
197 949 267 1026 quio
277 956 443 1028 perspecto
452 968 560 1009 nones
572 951 647 1010 mihi
658 953 782 1028 cognitu
791 953 882 1033 fumo,
941 956 944 969 “

158 1031 221 1090 Sed
233 1031 315 1110 quod
325 1033 359 1091 in
369 1033 427 1091 hcc
438 1034 637 1112 omuispurte
647 1035 775 1093 timetur
788 1055 892 1097 umor.⁴

115 1115 258 1193 lgnosces
269 1117 376 1193 igitur,
388 1117 414 1176 si
426 1116 501 1194 quid
510 1117 569 1177 tibi
579 1118 672 1176 triste
682 1114 788 1177 libelli

56 1206 93 1258 20
154 1196 329 1258 Attulerint
339 1200 454 1259 nostri:
475 1196 697 1278 culpntimoris
710 1201 780 1260 erit.

113 1281 190 1340 Nom
201 1282 282 1341 mihi·
290 1301 354 1341 non
364 1283 461 1342 maior
472 1300 562 1342 ceree
575 1282 714 1343 custodio
724 1284 831 1344 matris

154 1365 217 1425 Aut
227 1367 294 1425 sinc
306 1372 339 1424 te
351 1367 432 1426 vitoe
445 1385 517 1425 curu
532 1367 573 1425 sit
583 1362 649 1426 ullo
660 1385 756 1427 mene.

115 1447 164 1507 'l'u
174 1450 249 1508 mihi
260 1449 324 1509 sola
336 1447 453 1527 domus,
467 1457 512 1526 tu,
528 1450 672 1528 Cynthio,
685 1448 752 1510 solo
761 1457 919 1531 parentes,

155 1531 264 1592 Omnia
273 1539 308 1592 tu
320 1540 444 1593 notrae
455 1539 597 1612 temporo
605 1533 754 1594 loetitiae.
923 1554 928 1561 ·

58 1623 93 1675 25
116 1614 179 1674 Seu
190 1617 289 1674 tristis
300 1617 420 1674 veniam
431 1633 487 1674 sou
497 1622 606 1674 contro
615 1614 716 1674 luctus
728 1616 844 1691 omisis,
885 1667 886 1671 ,

156 1696 311 1775 Quicquid
322 1715 387 1774 ero,
399 1696 499 1756 dicum
510 1699 656 1774 ‘Cynthia
667 1716 756 1756 causo
766 1697 847 1758 fnit!

114 1780 165 1840 Tu
177 1779 269 1839 modo
283 1800 372 1859 quem
382 1780 515 1859 primum
525 1786 686 1860 corruptos
698 1778 810 1841 desere
820 1781 923 1842 Boius:

80 1882 82 1886 “
153 1858 340 1923 Multis‘isto
352 1862 465 1923 dabunt
476 1861 571 1923 litore
583 1862 755 1942 discidium,
856 1913 858 1919 ,

112 1947 229 2024 Litora,
242 1959 320 2026 quoe·
331 1948 456 2007 fucrant
467 1949 559 2007 costis
571 1948 695 2008 inimico
705 1945 843 2028 puellis„

57 2039 94 2093 30
154 2030 203 2089 Ah
216 2037 348 2110 pereunt
357 2032 450 2090 Baiae
462 2033 580 2091 crimen
591 2033 703 2092 umoris
715 2033 827 2111 equae!

44 2160 95 2254 12
114 2159 199 2262 (iuro
209 2197 284 2255 mihi
295 2196 434 2257 desidiae
443 2217 507 2257 non
517 2217 619 2273 cessas
634 2199 753 2277 fingere
765 2200 893 2277 crimen,

154 2278 244 2354 Quod
254 2281 347 2338 faciut
357 2281 447 2339 nohis
458 2282 580 2339 conscio
590 2281 686 2340 Romo
696 2283 834 2341 morum?
871 2342 874 2346 Α

112 2361 191 2420 'lum
202 2360 296 2419 multo
307 2359 363 2418 illu
373 2380 444 2429 meo¹
450 2361 551 2421 -diviso
562 2370 611 2422 esi
621 2362 705 2422 milio
714 2362 810 2440 lecto,

154 2444 307 2520 Quantum
319 2445 458 2524 Hypanis
468 2445 591 2506 Veneto
604 2443 736 2505 dissidet
744 2445 893 2524 Eridano,

46 2530 51 2535 ’
72 2535 89 2587 5
110 2527 176 2587 Nec
187 2528 261 2586 mihi
274 2535 437 2588 consuetos
449 2525 591 2608 amplexu
603 2530 703 2589 nutrit
714 2547 833 2589 umores
945 2541 959 2552 “

153 2611 286 2688 Cynthio
296 2630 355 2670 nec
369 2619 475 2672 nostra
486 2611 586 2672 dulcis
597 2613 631 2672 in
643 2631 716 2673 oure
729 2619 827 2683 ronst.

110 2692 193 2754 Olim
204 2700 309 2772 graius
321 2712 419 2754 erum:
441 2714 504 2754 non
513 2693 569 2754 illo
581 2701 721 2774 tempore
734 2697 874 2774 cuiquem

152 2778 301 2855 Contigit,
313 2784 348 2836 ut
359 2776 452 2838 simili
462 2783 569 2858 posset
581 2797 682 2837 umore
691 2777 763 2838 fide.

110 2859 246 2920 Invidiae
256 2861 385 2921 fuimus:
407 2879 539 2921 numme
551 2860 627 2922 deus
638 2861 764 2921 obruit‘.l
786 2881 916 2942 cuquue
951 2936 953 2941 Α

55 2952 89 3003 lo
150 2943 246 3003 Lecto
256 2945 452 3006 Prometheis
463 2944 573 3005 dividit
583 2946 681 3006 herbo
691 2945 792 3025 iugis?

108 3026 178 3087 Non
190 3047 256 3087 sum
268 3047 324 3106 ego
337 3031 390 3107 qui
400 3030 535 3089 luerem:
552 3035 650 3089 mutat
659 3029 810 3107 violongc
819 3027 949 3110 puellos.

150 3111 286 3186 Quantus
297 3113 330 3170 in
341 3114 449 3191 exiguo
461 3120 602 3192 tempore
612 3113 803 3190 fugiturum!

106 3192 196 3252 Nunc
209 3197 341 3274 primum
351 3192 459 3274 longos
470 3194 554 3256 solus
570 3214 758 3274 cognoscere
769 3201 878 3257 noctes
936 3267 955 3274 ..

99 3325 102 3332 .
149 3277 253 3356 Cogor
265 3280 375 3358 cl'lpse
386 3281 463 3339 meis
475 3281 598 3341 auribus
609 3297 678 3341 esse
690 3280 798 3358 gravis.

52 3365 85 3421 15
103 3356 207 3438 Felix,
219 3363 271 3440 qui
281 3364 383 3441 potuit
393 3362 551 3442 praesenti
561 3363 640 3423 flere
649 3361 785 3442 puellae,

146 3444 216 3505 Non
226 3443 305 3505 nihil
316 3447 449 3527 aspersis
460 3445 573 3524 gaudet
582 3447 677 3506 Amor
687 3444 833 3521 lacrimis,
