<?xml version="1.0" encoding="UTF-8"?>
<!DOCTYPE html PUBLIC "-//W3C//DTD XHTML 1.0 Transitional//EN"
    "http://www.w3.org/TR/xhtml1/DTD/xhtml1-transitional.dtd">
<html xmlns="http://www.w3.org/1999/xhtml" xml:lang="en" lang="en">
 <head>
  <title>
</title>
<meta http-equiv="Content-Type" content="text/html;charset=utf-8" />
  <meta name='ocr-system' content='tesseract 3.04.00' />
  <meta name='ocr-capabilities' content='ocr_page ocr_carea ocr_par ocr_line ocrx_word'/>
</head>
<body>
  <div class='ocr_page' id='page_1' title='image "./elegiae00propgoog_0046.png"; bbox 0 0 2220 3846; ppageno 0'>
   <div class='ocr_carea' id='block_1_1' title="bbox 333 209 1002 291">
    <p class='ocr_par' dir='ltr' id='par_1_1' title="bbox 333 209 1002 291">
     <span class='ocr_line' id='line_1_1' title="bbox 333 209 1002 291; baseline 0.016 -22"><span class='ocrx_word' id='word_1_1' title='bbox 333 209 524 271; x_wconf 72' lang='lat' dir='ltr'><strong>mana</strong></span> <span class='ocrx_word' id='word_1_2' title='bbox 567 211 716 291; x_wconf 68' lang='lat' dir='ltr'><strong>uuor.</strong></span> <span class='ocrx_word' id='word_1_3' title='bbox 960 215 1002 280; x_wconf 80' lang='lat'><strong>35</strong></span> 
     </span>
    </p>
   </div>
   <div class='ocr_carea' id='block_1_2' title="bbox 90 373 900 624">
    <p class='ocr_par' dir='ltr' id='par_1_2' title="bbox 90 373 900 624">
     <span class='ocr_line' id='line_1_2' title="bbox 90 373 898 462; baseline 0.007 -26"><span class='ocrx_word' id='word_1_4' title='bbox 90 384 108 436; x_wconf 83' lang='lat'>5</span> <span class='ocrx_word' id='word_1_5' title='bbox 130 373 207 436; x_wconf 85' lang='lat' dir='ltr'><strong>Nam</strong></span> <span class='ocrx_word' id='word_1_6' title='bbox 218 374 308 434; x_wconf 92' lang='lat' dir='ltr'><strong>modo</strong></span> <span class='ocrx_word' id='word_1_7' title='bbox 320 375 441 436; x_wconf 89' lang='lat' dir='ltr'><strong>nudatis</strong></span> <span class='ocrx_word' id='word_1_8' title='bbox 454 396 572 436; x_wconf 89' lang='lat' dir='ltr'><strong>mecum</strong></span> <span class='ocrx_word' id='word_1_9' title='bbox 583 384 631 438; x_wconf 90' lang='lat' dir='ltr'><strong>est</strong></span> <span class='ocrx_word' id='word_1_10' title='bbox 641 379 756 438; x_wconf 86' lang='lat' dir='ltr'><strong>luctata</strong></span> <span class='ocrx_word' id='word_1_11' title='bbox 765 381 898 462; x_wconf 89' lang='lat' dir='ltr'><strong>papillis,</strong></span> 
     </span>
     <span class='ocr_line' id='line_1_3' title="bbox 172 458 797 541; baseline 0.011 -24"><span class='ocrx_word' id='word_1_12' title='bbox 172 458 330 518; x_wconf 85' lang='lat' dir='ltr'><strong>Interdum</strong></span> <span class='ocrx_word' id='word_1_13' title='bbox 341 461 444 520; x_wconf 86' lang='lat' dir='ltr'><strong>tunica</strong></span> <span class='ocrx_word' id='word_1_14' title='bbox 456 459 543 520; x_wconf 84' lang='lat' dir='ltr'><strong>duxit</strong></span> <span class='ocrx_word' id='word_1_15' title='bbox 553 469 662 541; x_wconf 86' lang='lat' dir='ltr'><strong>operta</strong></span> <span class='ocrx_word' id='word_1_16' title='bbox 673 483 797 524; x_wconf 86' lang='lat' dir='ltr'><strong>moram.</strong></span> 
     </span>
     <span class='ocr_line' id='line_1_4' title="bbox 130 540 900 624; baseline 0.006 -23"><span class='ocrx_word' id='word_1_17' title='bbox 130 540 281 602; x_wconf 87' lang='lat' dir='ltr'><strong>lllameos</strong></span> <span class='ocrx_word' id='word_1_18' title='bbox 293 563 399 603; x_wconf 88' lang='lat' dir='ltr'><strong>somno</strong></span> <span class='ocrx_word' id='word_1_19' title='bbox 410 544 674 624; x_wconf 87' lang='lat' dir='ltr'><strong>lapsospatefecit</strong></span> <span class='ocrx_word' id='word_1_20' title='bbox 685 545 802 606; x_wconf 86' lang='lat' dir='ltr'><strong>ocellos</strong></span> <span class='ocrx_word' id='word_1_21' title='bbox 898 616 900 620; x_wconf 23' lang='lat'>¹</span> 
     </span>
    </p>
   </div>
   <div class='ocr_carea' id='block_1_3' title="bbox 73 709 1059 3460">
    <p class='ocr_par' dir='ltr' id='par_1_3' title="bbox 73 709 1059 3460">
     <span class='ocr_line' id='line_1_5' title="bbox 132 709 962 793; baseline 0.01 -25"><span class='ocrx_word' id='word_1_22' title='bbox 132 710 228 785; x_wconf 79' lang='lat' dir='ltr'><strong>Quam</strong></span> <span class='ocrx_word' id='word_1_23' title='bbox 240 713 324 769; x_wconf 89' lang='lat' dir='ltr'><strong>vario</strong></span> <span class='ocrx_word' id='word_1_24' title='bbox 337 709 480 788; x_wconf 84' lang='lat' dir='ltr'><strong>amplexu</strong></span> <span class='ocrx_word' id='word_1_25' title='bbox 493 717 643 784; x_wconf 88' lang='lat' dir='ltr'><strong>mutamus</strong></span> <span class='ocrx_word' id='word_1_26' title='bbox 654 714 794 772; x_wconf 88' lang='lat' dir='ltr'><strong>brachia!</strong></span> <span class='ocrx_word' id='word_1_27' title='bbox 817 723 962 793; x_wconf 89' lang='lat' dir='ltr'><strong>quantum</strong></span> 
     </span>
     <span class='ocr_line' id='line_1_6' title="bbox 73 791 816 857; baseline 0.007 -5"><span class='ocrx_word' id='word_1_28' title='bbox 73 803 110 853; x_wconf 91' lang='lat'><strong>10</strong></span> <span class='ocrx_word' id='word_1_29' title='bbox 174 793 287 853; x_wconf 80' lang='lat' dir='ltr'>Oscula</span> <span class='ocrx_word' id='word_1_30' title='bbox 299 799 370 852; x_wconf 81' lang='lat' dir='ltr'><strong>aunt</strong></span> <span class='ocrx_word' id='word_1_31' title='bbox 379 791 477 853; x_wconf 84' lang='lat' dir='ltr'><strong>labris</strong></span> <span class='ocrx_word' id='word_1_32' title='bbox 487 800 593 854; x_wconf 89' lang='lat' dir='ltr'><strong>nostra</strong></span> <span class='ocrx_word' id='word_1_33' title='bbox 603 803 721 856; x_wconf 87' lang='lat' dir='ltr'><strong>morata</strong></span> <span class='ocrx_word' id='word_1_34' title='bbox 732 798 793 857; x_wconf 87' lang='lat' dir='ltr'><strong>tuis</strong></span> <span class='ocrx_word' id='word_1_35' title='bbox 801 798 816 856; x_wconf 84' lang='lat' dir='ltr'><strong>l·</strong></span> 
     </span>
     <span class='ocr_line' id='line_1_7' title="bbox 128 876 928 960; baseline 0.008 -24"><span class='ocrx_word' id='word_1_36' title='bbox 128 876 198 936; x_wconf 91' lang='lat' dir='ltr'><strong>Non</strong></span> <span class='ocrx_word' id='word_1_37' title='bbox 209 879 292 936; x_wconf 84' lang='lat' dir='ltr'><strong>iuvat</strong></span> <span class='ocrx_word' id='word_1_38' title='bbox 302 878 336 935; x_wconf 91' lang='lat' dir='ltr'><strong>in</strong></span> <span class='ocrx_word' id='word_1_39' title='bbox 347 895 438 936; x_wconf 89' lang='lat' dir='ltr'><strong>caeco</strong></span> <span class='ocrx_word' id='word_1_40' title='bbox 450 879 606 939; x_wconf 85' lang='lat' dir='ltr'><strong>Venerem</strong></span> <span class='ocrx_word' id='word_1_41' title='bbox 617 899 817 960; x_wconf 86' lang='lat' dir='ltr'><strong>corrumpere</strong></span> <span class='ocrx_word' id='word_1_42' title='bbox 829 888 928 942; x_wconf 90' lang='lat' dir='ltr'><strong>motu:</strong></span> 
     </span>
     <span class='ocr_line' id='line_1_8' title="bbox 76 959 775 1037; baseline 0.013 -20"><span class='ocrx_word' id='word_1_43' title='bbox 76 982 79 988; x_wconf 91' lang='lat'>·</span> <span class='ocrx_word' id='word_1_44' title='bbox 171 961 205 1018; x_wconf 90' lang='lat' dir='ltr'><strong>Si</strong></span> <span class='ocrx_word' id='word_1_45' title='bbox 214 961 326 1037; x_wconf 87' lang='lat' dir='ltr'><strong>nescis,</strong></span> <span class='ocrx_word' id='word_1_46' title='bbox 339 959 420 1020; x_wconf 92' lang='lat' dir='ltr'><strong>oculi</strong></span> <span class='ocrx_word' id='word_1_47' title='bbox 431 969 502 1021; x_wconf 86' lang='lat' dir='ltr'><strong>sunt</strong></span> <span class='ocrx_word' id='word_1_48' title='bbox 512 963 544 1021; x_wconf 92' lang='lat' dir='ltr'><strong>in</strong></span> <span class='ocrx_word' id='word_1_49' title='bbox 556 982 659 1024; x_wconf 89' lang='lat' dir='ltr'><strong>amore</strong></span> <span class='ocrx_word' id='word_1_50' title='bbox 672 963 775 1026; x_wconf 87' lang='lat' dir='ltr'><strong>duces.</strong></span> 
     </span>
     <span class='ocr_line' id='line_1_9' title="bbox 130 1043 807 1126; baseline 0.009 -25"><span class='ocrx_word' id='word_1_51' title='bbox 130 1044 200 1123; x_wconf 89' lang='lat' dir='ltr'><strong>lpse</strong></span> <span class='ocrx_word' id='word_1_52' title='bbox 211 1044 298 1102; x_wconf 89' lang='lat' dir='ltr'><strong>Paris</strong></span> <span class='ocrx_word' id='word_1_53' title='bbox 311 1043 392 1104; x_wconf 91' lang='lat' dir='ltr'><strong>nuda</strong></span> <span class='ocrx_word' id='word_1_54' title='bbox 402 1046 503 1105; x_wconf 91' lang='lat' dir='ltr'><strong>fertur</strong></span> <span class='ocrx_word' id='word_1_55' title='bbox 514 1048 646 1126; x_wconf 89' lang='lat' dir='ltr'><strong>periisse</strong></span> <span class='ocrx_word' id='word_1_56' title='bbox 658 1047 807 1125; x_wconf 79' lang='lat' dir='ltr'><strong>Lacaena,</strong></span> 
     </span>
     <span class='ocr_line' id='line_1_10' title="bbox 170 1128 762 1208; baseline 0.007 -22"><span class='ocrx_word' id='word_1_57' title='bbox 170 1129 246 1186; x_wconf 81' lang='lat' dir='ltr'><strong>Cum</strong></span> <span class='ocrx_word' id='word_1_58' title='bbox 256 1128 421 1189; x_wconf 76' lang='lat' dir='ltr'><strong>Menelaeo</strong></span> <span class='ocrx_word' id='word_1_59' title='bbox 435 1136 578 1206; x_wconf 84' lang='lat' dir='ltr'><strong>surgeret</strong></span> <span class='ocrx_word' id='word_1_60' title='bbox 589 1149 606 1189; x_wconf 94' lang='lat' dir='ltr'><strong>e</strong></span> <span class='ocrx_word' id='word_1_61' title='bbox 619 1131 762 1208; x_wconf 88' lang='lat' dir='ltr'><strong>thalamo,</strong></span> 
     </span>
     <span class='ocr_line' id='line_1_11' title="bbox 74 1210 878 1292; baseline 0.004 -22"><span class='ocrx_word' id='word_1_62' title='bbox 74 1217 107 1270; x_wconf 86' lang='lat'><strong>15</strong></span> <span class='ocrx_word' id='word_1_63' title='bbox 129 1210 235 1270; x_wconf 88' lang='lat' dir='ltr'><strong>Nudus</strong></span> <span class='ocrx_word' id='word_1_64' title='bbox 248 1218 282 1270; x_wconf 92' lang='lat' dir='ltr'><strong>et</strong></span> <span class='ocrx_word' id='word_1_65' title='bbox 290 1211 464 1290; x_wconf 82' lang='lat' dir='ltr'><strong>Endymion</strong></span> <span class='ocrx_word' id='word_1_66' title='bbox 477 1214 596 1272; x_wconf 83' lang='lat' dir='ltr'><strong>Phoebi</strong></span> <span class='ocrx_word' id='word_1_67' title='bbox 608 1215 728 1292; x_wconf 82' lang='lat' dir='ltr'><strong>cepisse</strong></span> <span class='ocrx_word' id='word_1_68' title='bbox 740 1232 878 1274; x_wconf 88' lang='lat' dir='ltr'><strong>sororem</strong></span> 
     </span>
     <span class='ocr_line' id='line_1_12' title="bbox 169 1291 792 1359; baseline 0.008 -6"><span class='ocrx_word' id='word_1_69' title='bbox 169 1295 290 1354; x_wconf 87' lang='lat' dir='ltr'><strong>Dicitur</strong></span> <span class='ocrx_word' id='word_1_70' title='bbox 302 1301 335 1354; x_wconf 91' lang='lat' dir='ltr'><strong>et</strong></span> <span class='ocrx_word' id='word_1_71' title='bbox 345 1295 444 1355; x_wconf 89' lang='lat' dir='ltr'><strong>nudae</strong></span> <span class='ocrx_word' id='word_1_72' title='bbox 457 1298 659 1356; x_wconf 82' lang='lat' dir='ltr'><strong>concubuisse</strong></span> <span class='ocrx_word' id='word_1_73' title='bbox 672 1297 758 1359; x_wconf 87' lang='lat' dir='ltr'><strong>deae.</strong></span> <span class='ocrx_word' id='word_1_74' title='bbox 784 1291 792 1300; x_wconf 76' lang='grc'><strong>’</strong></span> 
     </span>
     <span class='ocr_line' id='line_1_13' title="bbox 128 1378 837 1462; baseline 0.01 -27"><span class='ocrx_word' id='word_1_75' title='bbox 128 1378 218 1454; x_wconf 79' lang='lat' dir='ltr'><strong>Quod</strong></span> <span class='ocrx_word' id='word_1_76' title='bbox 231 1380 257 1437; x_wconf 90' lang='lat' dir='ltr'><strong>si</strong></span> <span class='ocrx_word' id='word_1_77' title='bbox 268 1380 459 1458; x_wconf 83' lang='lat' dir='ltr'><strong>pertendens</strong></span> <span class='ocrx_word' id='word_1_78' title='bbox 471 1382 571 1441; x_wconf 89' lang='lat' dir='ltr'><strong>animo</strong></span> <span class='ocrx_word' id='word_1_79' title='bbox 582 1382 694 1441; x_wconf 87' lang='lat' dir='ltr'><strong>vestita</strong></span> <span class='ocrx_word' id='word_1_80' title='bbox 706 1383 837 1462; x_wconf 87' lang='lat' dir='ltr'><strong>cubaris,</strong></span> 
     </span>
     <span class='ocr_line' id='line_1_14' title="bbox 168 1462 769 1545; baseline 0.008 -26"><span class='ocrx_word' id='word_1_81' title='bbox 168 1462 269 1521; x_wconf 83' lang='lat' dir='ltr'><strong>Scissa</strong></span> <span class='ocrx_word' id='word_1_82' title='bbox 280 1469 367 1522; x_wconf 86' lang='lat' dir='ltr'><strong>veste</strong></span> <span class='ocrx_word' id='word_1_83' title='bbox 378 1484 461 1525; x_wconf 90' lang='lat' dir='ltr'><strong>meas</strong></span> <span class='ocrx_word' id='word_1_84' title='bbox 474 1467 637 1545; x_wconf 81' lang='lat' dir='ltr'><strong>experiere</strong></span> <span class='ocrx_word' id='word_1_85' title='bbox 648 1486 769 1525; x_wconf 87' lang='lat' dir='ltr'><strong>manus:</strong></span> 
     </span>
     <span class='ocr_line' id='line_1_15' title="bbox 126 1544 821 1627; baseline 0.007 -25"><span class='ocrx_word' id='word_1_86' title='bbox 126 1544 207 1620; x_wconf 79' lang='lat' dir='ltr'><strong>Quin</strong></span> <span class='ocrx_word' id='word_1_87' title='bbox 219 1547 322 1623; x_wconf 87' lang='lat' dir='ltr'><strong>etiam,</strong></span> <span class='ocrx_word' id='word_1_88' title='bbox 334 1549 360 1605; x_wconf 92' lang='lat' dir='ltr'><strong>si</strong></span> <span class='ocrx_word' id='word_1_89' title='bbox 372 1567 420 1606; x_wconf 90' lang='lat' dir='ltr'><strong>me</strong></span> <span class='ocrx_word' id='word_1_90' title='bbox 431 1548 564 1607; x_wconf 90' lang='lat' dir='ltr'><strong>ulterius</strong></span> <span class='ocrx_word' id='word_1_91' title='bbox 574 1551 754 1627; x_wconf 83' lang='lat' dir='ltr'><strong>provexerit</strong></span> <span class='ocrx_word' id='word_1_92' title='bbox 763 1550 821 1625; x_wconf 89' lang='lat' dir='ltr'><strong>ira,</strong></span> 
     </span>
     <span class='ocr_line' id='line_1_16' title="bbox 74 1628 750 1693; baseline 0 -5"><span class='ocrx_word' id='word_1_93' title='bbox 74 1637 105 1688; x_wconf 78' lang='lat'><strong>20</strong></span> <span class='ocrx_word' id='word_1_94' title='bbox 170 1628 324 1686; x_wconf 84' lang='lat' dir='ltr'><strong>Ostendes</strong></span> <span class='ocrx_word' id='word_1_95' title='bbox 337 1632 428 1689; x_wconf 90' lang='lat' dir='ltr'><strong>matri</strong></span> <span class='ocrx_word' id='word_1_96' title='bbox 437 1632 564 1693; x_wconf 83' lang='lat' dir='ltr'><strong>brachia</strong></span> <span class='ocrx_word' id='word_1_97' title='bbox 572 1630 657 1689; x_wconf 86' lang='lat' dir='ltr'><strong>laesa</strong></span> <span class='ocrx_word' id='word_1_98' title='bbox 668 1637 750 1688; x_wconf 88' lang='lat' dir='ltr'><strong>tuae.</strong></span> 
     </span>
     <span class='ocr_line' id='line_1_17' title="bbox 122 1708 1059 1796; baseline 0.005 -26"><span class='ocrx_word' id='word_1_99' title='bbox 122 1708 265 1770; x_wconf 90' lang='lat' dir='ltr'><strong>Necdum</strong></span> <span class='ocrx_word' id='word_1_100' title='bbox 275 1709 440 1770; x_wconf 88' lang='lat' dir='ltr'><strong>inclinatae</strong></span> <span class='ocrx_word' id='word_1_101' title='bbox 450 1711 620 1790; x_wconf 89' lang='lat' dir='ltr'><strong>prohibent</strong></span> <span class='ocrx_word' id='word_1_102' title='bbox 630 1717 662 1771; x_wconf 87' lang='lat' dir='ltr'><strong>te</strong></span> <span class='ocrx_word' id='word_1_103' title='bbox 674 1709 785 1771; x_wconf 90' lang='lat' dir='ltr'><strong>ludere</strong></span> <span class='ocrx_word' id='word_1_104' title='bbox 796 1732 973 1796; x_wconf 68' lang='lat' dir='ltr'><strong>mammaea¹</strong></span> <span class='ocrx_word' id='word_1_105' title='bbox 1056 1722 1059 1729; x_wconf 83' lang='grc'><strong>“</strong></span> 
     </span>
     <span class='ocr_line' id='line_1_18' title="bbox 166 1791 892 1876; baseline 0.001 -21"><span class='ocrx_word' id='word_1_106' title='bbox 166 1791 292 1855; x_wconf 86' lang='lat' dir='ltr'><strong>Viderit</strong></span> <span class='ocrx_word' id='word_1_107' title='bbox 303 1794 390 1870; x_wconf 89' lang='lat' dir='ltr'><strong>haec,</strong></span> <span class='ocrx_word' id='word_1_108' title='bbox 404 1796 430 1853; x_wconf 84' lang='lat' dir='ltr'><strong>si</strong></span> <span class='ocrx_word' id='word_1_109' title='bbox 443 1814 532 1872; x_wconf 87' lang='lat' dir='ltr'><strong>quam</strong></span> <span class='ocrx_word' id='word_1_110' title='bbox 543 1795 602 1854; x_wconf 89' lang='lat' dir='ltr'><strong>iam</strong></span> <span class='ocrx_word' id='word_1_111' title='bbox 613 1797 775 1876; x_wconf 84' lang='lat' dir='ltr'><strong>peperisse</strong></span> <span class='ocrx_word' id='word_1_112' title='bbox 785 1794 892 1875; x_wconf 87' lang='lat' dir='ltr'><strong>pudet.</strong></span> 
     </span>
     <span class='ocr_line' id='line_1_19' title="bbox 122 1878 875 1955; baseline 0.004 -19"><span class='ocrx_word' id='word_1_113' title='bbox 122 1878 203 1936; x_wconf 88' lang='lat' dir='ltr'><strong>Dum</strong></span> <span class='ocrx_word' id='word_1_114' title='bbox 212 1896 269 1935; x_wconf 92' lang='lat' dir='ltr'><strong>nos</strong></span> <span class='ocrx_word' id='word_1_115' title='bbox 281 1878 343 1937; x_wconf 86' lang='lat' dir='ltr'><strong>fata</strong></span> <span class='ocrx_word' id='word_1_116' title='bbox 354 1879 467 1955; x_wconf 73' lang='lat' dir='ltr'><strong>sinunt,</strong></span> <span class='ocrx_word' id='word_1_117' title='bbox 482 1878 588 1938; x_wconf 88' lang='lat' dir='ltr'><strong>oculos</strong></span> <span class='ocrx_word' id='word_1_118' title='bbox 599 1882 744 1939; x_wconf 87' lang='lat' dir='ltr'><strong>satiemus</strong></span> <span class='ocrx_word' id='word_1_119' title='bbox 756 1898 875 1939; x_wconf 86' lang='lat' dir='ltr'><strong>amore:</strong></span> 
     </span>
     <span class='ocr_line' id='line_1_20' title="bbox 163 1960 899 2039; baseline 0.007 -20"><span class='ocrx_word' id='word_1_120' title='bbox 163 1961 230 2020; x_wconf 82' lang='lat' dir='ltr'><strong>Nox</strong></span> <span class='ocrx_word' id='word_1_121' title='bbox 241 1962 298 2021; x_wconf 93' lang='lat' dir='ltr'><strong>tibi</strong></span> <span class='ocrx_word' id='word_1_122' title='bbox 312 1960 405 2039; x_wconf 90' lang='lat' dir='ltr'><strong>longa</strong></span> <span class='ocrx_word' id='word_1_123' title='bbox 414 1964 500 2022; x_wconf 85' lang='lat' dir='ltr'><strong>venit</strong></span> <span class='ocrx_word' id='word_1_124' title='bbox 511 1982 569 2022; x_wconf 89' lang='lat' dir='ltr'><strong>nec</strong></span> <span class='ocrx_word' id='word_1_125' title='bbox 581 1962 721 2024; x_wconf 87' lang='lat' dir='ltr'><strong>reditura</strong></span> <span class='ocrx_word' id='word_1_126' title='bbox 735 1962 810 2025; x_wconf 91' lang='lat' dir='ltr'><strong>dies.</strong></span> <span class='ocrx_word' id='word_1_127' title='bbox 897 2006 899 2011; x_wconf 82' lang='lat'>·</span> 
     </span>
     <span class='ocr_line' id='line_1_21' title="bbox 74 2045 906 2122; baseline 0.002 -15"><span class='ocrx_word' id='word_1_128' title='bbox 74 2056 100 2107; x_wconf 75' lang='lat'><strong>25</strong></span> <span class='ocrx_word' id='word_1_129' title='bbox 123 2045 226 2122; x_wconf 85' lang='lat' dir='ltr'><strong>Atque</strong></span> <span class='ocrx_word' id='word_1_130' title='bbox 237 2046 353 2104; x_wconf 85' lang='lat' dir='ltr'><strong>utinam</strong></span> <span class='ocrx_word' id='word_1_131' title='bbox 364 2046 531 2106; x_wconf 85' lang='lat' dir='ltr'><strong>haerentes</strong></span> <span class='ocrx_word' id='word_1_132' title='bbox 542 2049 587 2106; x_wconf 90' lang='lat' dir='ltr'><strong>sic</strong></span> <span class='ocrx_word' id='word_1_133' title='bbox 599 2067 655 2107; x_wconf 88' lang='lat' dir='ltr'><strong>uos</strong></span> <span class='ocrx_word' id='word_1_134' title='bbox 666 2049 783 2107; x_wconf 84' lang='lat' dir='ltr'><strong>vincire</strong></span> <span class='ocrx_word' id='word_1_135' title='bbox 797 2056 906 2110; x_wconf 87' lang='lat' dir='ltr'><strong>catena</strong></span> 
     </span>
     <span class='ocr_line' id='line_1_22' title="bbox 162 2126 818 2209; baseline 0.006 -21"><span class='ocrx_word' id='word_1_136' title='bbox 162 2126 282 2205; x_wconf 86' lang='lat' dir='ltr'><strong>Velles,</strong></span> <span class='ocrx_word' id='word_1_137' title='bbox 293 2136 328 2188; x_wconf 87' lang='lat' dir='ltr'><strong>ut</strong></span> <span class='ocrx_word' id='word_1_138' title='bbox 339 2149 501 2209; x_wconf 86' lang='lat' dir='ltr'><strong>numquam</strong></span> <span class='ocrx_word' id='word_1_139' title='bbox 513 2130 651 2192; x_wconf 84' lang='lat' dir='ltr'><strong>solveret</strong></span> <span class='ocrx_word' id='word_1_140' title='bbox 661 2132 724 2192; x_wconf 91' lang='lat' dir='ltr'><strong>ulla</strong></span> <span class='ocrx_word' id='word_1_141' title='bbox 736 2131 818 2192; x_wconf 89' lang='lat' dir='ltr'><strong>dies!</strong></span> 
     </span>
     <span class='ocr_line' id='line_1_23' title="bbox 120 2211 889 2295; baseline 0.007 -24"><span class='ocrx_word' id='word_1_142' title='bbox 120 2211 269 2290; x_wconf 82' lang='lat' dir='ltr'><strong>Exemplo</strong></span> <span class='ocrx_word' id='word_1_143' title='bbox 281 2214 404 2272; x_wconf 89' lang='lat' dir='ltr'><strong>iunctae</strong></span> <span class='ocrx_word' id='word_1_144' title='bbox 416 2215 473 2272; x_wconf 88' lang='lat' dir='ltr'><strong>tibi</strong></span> <span class='ocrx_word' id='word_1_145' title='bbox 486 2216 549 2272; x_wconf 89' lang='lat' dir='ltr'><strong>sint</strong></span> <span class='ocrx_word' id='word_1_146' title='bbox 558 2217 592 2273; x_wconf 91' lang='lat' dir='ltr'><strong>in</strong></span> <span class='ocrx_word' id='word_1_147' title='bbox 602 2235 706 2274; x_wconf 88' lang='lat' dir='ltr'><strong>amore</strong></span> <span class='ocrx_word' id='word_1_148' title='bbox 718 2215 889 2295; x_wconf 85' lang='lat' dir='ltr'><strong>columbae,</strong></span> 
     </span>
     <span class='ocr_line' id='line_1_24' title="bbox 160 2295 793 2373; baseline 0.006 -19"><span class='ocrx_word' id='word_1_149' title='bbox 160 2295 318 2354; x_wconf 83' lang='lat' dir='ltr'><strong>Masculus</strong></span> <span class='ocrx_word' id='word_1_150' title='bbox 330 2303 363 2353; x_wconf 87' lang='lat' dir='ltr'><strong>et</strong></span> <span class='ocrx_word' id='word_1_151' title='bbox 372 2301 472 2353; x_wconf 89' lang='lat' dir='ltr'><strong>totum</strong></span> <span class='ocrx_word' id='word_1_152' title='bbox 483 2297 598 2354; x_wconf 86' lang='lat' dir='ltr'><strong>femina</strong></span> <span class='ocrx_word' id='word_1_153' title='bbox 610 2299 793 2373; x_wconf 88' lang='lat' dir='ltr'><strong>coniugium.</strong></span> 
     </span>
     <span class='ocr_line' id='line_1_25' title="bbox 119 2377 787 2454; baseline -0.003 -16"><span class='ocrx_word' id='word_1_154' title='bbox 119 2379 225 2453; x_wconf 82' lang='lat' dir='ltr'><strong>Errat,</strong></span> <span class='ocrx_word' id='word_1_155' title='bbox 242 2379 293 2454; x_wconf 90' lang='lat' dir='ltr'><strong>qui</strong></span> <span class='ocrx_word' id='word_1_156' title='bbox 304 2377 398 2435; x_wconf 88' lang='lat' dir='ltr'><strong>finem</strong></span> <span class='ocrx_word' id='word_1_157' title='bbox 408 2379 512 2436; x_wconf 83' lang='lat' dir='ltr'><strong>vesani</strong></span> <span class='ocrx_word' id='word_1_158' title='bbox 526 2380 648 2454; x_wconf 86' lang='lat' dir='ltr'><strong>quaerit</strong></span> <span class='ocrx_word' id='word_1_159' title='bbox 659 2380 787 2436; x_wconf 83' lang='lat' dir='ltr'><strong>amoris:</strong></span> 
     </span>
     <span class='ocr_line' id='line_1_26' title="bbox 75 2458 857 2526; baseline -0.001 -4"><span class='ocrx_word' id='word_1_160' title='bbox 75 2474 100 2526; x_wconf 80' lang='lat' dir='ltr'><strong>to</strong></span> <span class='ocrx_word' id='word_1_161' title='bbox 161 2461 264 2522; x_wconf 83' lang='lat' dir='ltr'><strong>Verus</strong></span> <span class='ocrx_word' id='word_1_162' title='bbox 276 2480 360 2519; x_wconf 90' lang='lat' dir='ltr'><strong>amor</strong></span> <span class='ocrx_word' id='word_1_163' title='bbox 371 2458 490 2519; x_wconf 90' lang='lat' dir='ltr'><strong>nullum</strong></span> <span class='ocrx_word' id='word_1_164' title='bbox 501 2461 587 2520; x_wconf 88' lang='lat' dir='ltr'><strong>novit</strong></span> <span class='ocrx_word' id='word_1_165' title='bbox 597 2461 714 2520; x_wconf 91' lang='lat' dir='ltr'><strong>habere</strong></span> <span class='ocrx_word' id='word_1_166' title='bbox 726 2459 857 2521; x_wconf 89' lang='lat' dir='ltr'><strong>modum.</strong></span> 
     </span>
     <span class='ocr_line' id='line_1_27' title="bbox 120 2542 804 2624; baseline 0 -19"><span class='ocrx_word' id='word_1_167' title='bbox 120 2545 223 2605; x_wconf 88' lang='lat' dir='ltr'><strong>Terra</strong></span> <span class='ocrx_word' id='word_1_168' title='bbox 232 2546 318 2622; x_wconf 87' lang='lat' dir='ltr'><strong>prius</strong></span> <span class='ocrx_word' id='word_1_169' title='bbox 330 2545 407 2605; x_wconf 90' lang='lat' dir='ltr'><strong>falso</strong></span> <span class='ocrx_word' id='word_1_170' title='bbox 419 2551 510 2624; x_wconf 88' lang='lat' dir='ltr'><strong>partu</strong></span> <span class='ocrx_word' id='word_1_171' title='bbox 522 2542 651 2604; x_wconf 86' lang='lat' dir='ltr'><strong>deludet</strong></span> <span class='ocrx_word' id='word_1_172' title='bbox 663 2551 804 2624; x_wconf 86' lang='lat' dir='ltr'><strong>arautes‚·</strong></span> 
     </span>
     <span class='ocr_line' id='line_1_28' title="bbox 157 2628 744 2707; baseline 0 -19"><span class='ocrx_word' id='word_1_173' title='bbox 157 2629 200 2688; x_wconf 83' lang='lat' dir='ltr'><strong>Et</strong></span> <span class='ocrx_word' id='word_1_174' title='bbox 212 2629 302 2686; x_wconf 90' lang='lat' dir='ltr'><strong>citius</strong></span> <span class='ocrx_word' id='word_1_175' title='bbox 313 2630 419 2705; x_wconf 88' lang='lat' dir='ltr'><strong>nigros</strong></span> <span class='ocrx_word' id='word_1_176' title='bbox 432 2628 485 2687; x_wconf 91' lang='lat' dir='ltr'><strong>Sol</strong></span> <span class='ocrx_word' id='word_1_177' title='bbox 497 2630 625 2704; x_wconf 84' lang='lat' dir='ltr'><strong>agitabit</strong></span> <span class='ocrx_word' id='word_1_178' title='bbox 637 2648 744 2707; x_wconf 87' lang='lat' dir='ltr'><strong>equos,</strong></span> 
     </span>
     <span class='ocr_line' id='line_1_29' title="bbox 116 2709 1053 2791; baseline 0 -19"><span class='ocrx_word' id='word_1_179' title='bbox 116 2711 320 2789; x_wconf 84' lang='lat' dir='ltr'><strong>Fluminaque</strong></span> <span class='ocrx_word' id='word_1_180' title='bbox 332 2711 370 2769; x_wconf 93' lang='lat' dir='ltr'><strong>ad</strong></span> <span class='ocrx_word' id='word_1_181' title='bbox 382 2717 473 2790; x_wconf 89' lang='lat' dir='ltr'><strong>caput</strong></span> <span class='ocrx_word' id='word_1_182' title='bbox 483 2711 635 2789; x_wconf 88' lang='lat' dir='ltr'><strong>incipient</strong></span> <span class='ocrx_word' id='word_1_183' title='bbox 644 2729 792 2770; x_wconf 87' lang='lat' dir='ltr'><strong>revocare</strong></span> <span class='ocrx_word' id='word_1_184' title='bbox 802 2709 951 2791; x_wconf 84' lang='lat' dir='ltr'><strong>liquores,</strong></span> <span class='ocrx_word' id='word_1_185' title='bbox 1051 2757 1053 2761; x_wconf 85' lang='lat'>-</span> 
     </span>
     <span class='ocr_line' id='line_1_30' title="bbox 159 2793 733 2873; baseline 0 -20"><span class='ocrx_word' id='word_1_186' title='bbox 159 2793 274 2854; x_wconf 82' lang='lat' dir='ltr'><strong>Aridus</strong></span> <span class='ocrx_word' id='word_1_187' title='bbox 285 2801 318 2854; x_wconf 91' lang='lat' dir='ltr'><strong>et</strong></span> <span class='ocrx_word' id='word_1_188' title='bbox 329 2797 411 2854; x_wconf 90' lang='lat' dir='ltr'><strong>sicco</strong></span> <span class='ocrx_word' id='word_1_189' title='bbox 424 2796 545 2872; x_wconf 79' lang='lat' dir='ltr'><strong>gurgite</strong></span> <span class='ocrx_word' id='word_1_190' title='bbox 556 2795 650 2873; x_wconf 89' lang='lat' dir='ltr'><strong>piscis</strong></span> <span class='ocrx_word' id='word_1_191' title='bbox 662 2796 733 2871; x_wconf 87' lang='lat' dir='ltr'><strong>erit,</strong></span> 
     </span>
     <span class='ocr_line' id='line_1_31' title="bbox 75 2876 888 2956; baseline 0.01 -26"><span class='ocrx_word' id='word_1_192' title='bbox 75 2891 95 2940; x_wconf 73' lang='lat'><strong>‚5</strong></span> <span class='ocrx_word' id='word_1_193' title='bbox 119 2879 217 2954; x_wconf 77' lang='lat' dir='ltr'><strong>Quam</strong></span> <span class='ocrx_word' id='word_1_194' title='bbox 229 2881 343 2956; x_wconf 85' lang='lat' dir='ltr'><strong>possim</strong></span> <span class='ocrx_word' id='word_1_195' title='bbox 354 2886 478 2938; x_wconf 90' lang='lat' dir='ltr'><strong>nostros</strong></span> <span class='ocrx_word' id='word_1_196' title='bbox 491 2877 549 2938; x_wconf 91' lang='lat' dir='ltr'><strong>alio</strong></span> <span class='ocrx_word' id='word_1_197' title='bbox 561 2879 734 2938; x_wconf 81' lang='lat' dir='ltr'><strong>transferre</strong></span> <span class='ocrx_word' id='word_1_198' title='bbox 747 2876 888 2938; x_wconf 82' lang='lat' dir='ltr'><strong>dolores:</strong></span> 
     </span>
     <span class='ocr_line' id='line_1_32' title="bbox 157 2962 786 3039; baseline 0.005 -20"><span class='ocrx_word' id='word_1_199' title='bbox 157 2962 256 3020; x_wconf 86' lang='lat' dir='ltr'><strong>Huius</strong></span> <span class='ocrx_word' id='word_1_200' title='bbox 268 2980 321 3021; x_wconf 87' lang='lat' dir='ltr'><strong>ero</strong></span> <span class='ocrx_word' id='word_1_201' title='bbox 333 2965 428 3039; x_wconf 77' lang='lat' dir='ltr'><strong>vivus,</strong></span> <span class='ocrx_word' id='word_1_202' title='bbox 440 2967 578 3021; x_wconf 85' lang='lat' dir='ltr'><strong>mortuus</strong></span> <span class='ocrx_word' id='word_1_203' title='bbox 590 2963 681 3022; x_wconf 92' lang='lat' dir='ltr'><strong>huius</strong></span> <span class='ocrx_word' id='word_1_204' title='bbox 693 2982 756 3023; x_wconf 88' lang='lat' dir='ltr'><strong>ero.</strong></span> <span class='ocrx_word' id='word_1_205' title='bbox 783 2996 786 3003; x_wconf 92' lang='lat'><em>·</em></span> 
     </span>
     <span class='ocr_line' id='line_1_33' title="bbox 117 3044 847 3122; baseline 0.003 -19"><span class='ocrx_word' id='word_1_206' title='bbox 117 3045 208 3122; x_wconf 76' lang='lat' dir='ltr'><strong>Quod</strong></span> <span class='ocrx_word' id='word_1_207' title='bbox 220 3046 294 3104; x_wconf 91' lang='lat' dir='ltr'><strong>mihi</strong></span> <span class='ocrx_word' id='word_1_208' title='bbox 308 3048 333 3104; x_wconf 91' lang='lat' dir='ltr'><strong>si</strong></span> <span class='ocrx_word' id='word_1_209' title='bbox 347 3065 451 3105; x_wconf 89' lang='lat' dir='ltr'><strong>secum</strong></span> <span class='ocrx_word' id='word_1_210' title='bbox 462 3044 541 3105; x_wconf 88' lang='lat' dir='ltr'><strong>tales</strong></span> <span class='ocrx_word' id='word_1_211' title='bbox 554 3045 727 3106; x_wconf 86' lang='lat' dir='ltr'><strong>concedere</strong></span> <span class='ocrx_word' id='word_1_212' title='bbox 738 3052 847 3105; x_wconf 88' lang='lat' dir='ltr'><strong>noctes</strong></span> 
     </span>
     <span class='ocr_line' id='line_1_34' title="bbox 157 3123 793 3206; baseline -0.005 -17"><span class='ocrx_word' id='word_1_213' title='bbox 157 3129 215 3189; x_wconf 87' lang='lat' dir='ltr'><strong>llla</strong></span> <span class='ocrx_word' id='word_1_214' title='bbox 225 3128 312 3206; x_wconf 85' lang='lat' dir='ltr'><strong>velit,</strong></span> <span class='ocrx_word' id='word_1_215' title='bbox 324 3131 405 3188; x_wconf 84' lang='lat' dir='ltr'><strong>vitae</strong></span> <span class='ocrx_word' id='word_1_216' title='bbox 416 3128 527 3206; x_wconf 91' lang='lat' dir='ltr'><strong>longus</strong></span> <span class='ocrx_word' id='word_1_217' title='bbox 539 3136 571 3188; x_wconf 93' lang='lat' dir='ltr'><strong>et</strong></span> <span class='ocrx_word' id='word_1_218' title='bbox 582 3149 678 3188; x_wconf 89' lang='lat' dir='ltr'><strong>annus</strong></span> <span class='ocrx_word' id='word_1_219' title='bbox 690 3130 767 3188; x_wconf 88' lang='lat' dir='ltr'><strong>erit:</strong></span> <span class='ocrx_word' id='word_1_220' title='bbox 788 3123 793 3135; x_wconf 88' lang='lat'>&#39;</span> 
     </span>
     <span class='ocr_line' id='line_1_35' title="bbox 114 3209 870 3288; baseline 0.001 -15"><span class='ocrx_word' id='word_1_221' title='bbox 114 3214 149 3274; x_wconf 88' lang='lat' dir='ltr'><strong>Si</strong></span> <span class='ocrx_word' id='word_1_222' title='bbox 163 3213 249 3272; x_wconf 84' lang='lat' dir='ltr'><strong>dabit</strong></span> <span class='ocrx_word' id='word_1_223' title='bbox 259 3215 336 3272; x_wconf 86' lang='lat' dir='ltr'><strong>haec</strong></span> <span class='ocrx_word' id='word_1_224' title='bbox 347 3213 467 3288; x_wconf 74' lang='lat' dir='ltr'><strong>multas,</strong></span> <span class='ocrx_word' id='word_1_225' title='bbox 480 3214 551 3271; x_wconf 85' lang='lat' dir='ltr'><strong>fiam</strong></span> <span class='ocrx_word' id='word_1_226' title='bbox 562 3209 735 3272; x_wconf 89' lang='lat' dir='ltr'><strong>inmortalis</strong></span> <span class='ocrx_word' id='word_1_227' title='bbox 745 3213 779 3270; x_wconf 92' lang='lat' dir='ltr'><strong>in</strong></span> <span class='ocrx_word' id='word_1_228' title='bbox 788 3210 870 3274; x_wconf 83' lang='lat' dir='ltr'><strong>illis:</strong></span> 
     </span>
     <span class='ocr_line' id='line_1_36' title="bbox 76 3294 860 3376; baseline -0.001 -20"><span class='ocrx_word' id='word_1_229' title='bbox 76 3310 93 3363; x_wconf 86' lang='grc' dir='ltr'>ο</span> <span class='ocrx_word' id='word_1_230' title='bbox 158 3297 259 3356; x_wconf 90' lang='lat' dir='ltr'><strong>Nocte</strong></span> <span class='ocrx_word' id='word_1_231' title='bbox 273 3318 332 3357; x_wconf 88' lang='lat' dir='ltr'><strong>uua</strong></span> <span class='ocrx_word' id='word_1_232' title='bbox 344 3298 441 3376; x_wconf 87' lang='lat' dir='ltr'><strong>quivis</strong></span> <span class='ocrx_word' id='word_1_233' title='bbox 452 3294 503 3355; x_wconf 84' lang='lat' dir='ltr'><strong>vel</strong></span> <span class='ocrx_word' id='word_1_234' title='bbox 516 3297 591 3355; x_wconf 89' lang='lat' dir='ltr'><strong>deus</strong></span> <span class='ocrx_word' id='word_1_235' title='bbox 603 3315 672 3355; x_wconf 87' lang='lat' dir='ltr'><strong>esse</strong></span> <span class='ocrx_word' id='word_1_236' title='bbox 681 3301 796 3376; x_wconf 82' lang='lat' dir='ltr'><strong>potest.</strong></span> <span class='ocrx_word' id='word_1_237' title='bbox 858 3322 860 3326; x_wconf 53' lang='lat'><strong><em>¹</em></strong></span> 
     </span>
     <span class='ocr_line' id='line_1_37' title="bbox 115 3379 847 3460; baseline -0.004 -19"><span class='ocrx_word' id='word_1_238' title='bbox 115 3380 246 3458; x_wconf 79' lang='lat' dir='ltr'><strong>Qualem</strong></span> <span class='ocrx_word' id='word_1_239' title='bbox 258 3383 284 3440; x_wconf 90' lang='lat' dir='ltr'><strong>si</strong></span> <span class='ocrx_word' id='word_1_240' title='bbox 296 3383 398 3441; x_wconf 90' lang='lat' dir='ltr'><strong>cuncti</strong></span> <span class='ocrx_word' id='word_1_241' title='bbox 410 3387 562 3460; x_wconf 86' lang='lat' dir='ltr'><strong>cuperent</strong></span> <span class='ocrx_word' id='word_1_242' title='bbox 573 3379 743 3438; x_wconf 89' lang='lat' dir='ltr'><strong>decurrere</strong></span> <span class='ocrx_word' id='word_1_243' title='bbox 754 3379 847 3439; x_wconf 85' lang='lat' dir='ltr'><strong>vitam</strong></span> 
     </span>
    </p>
   </div>
   <div class='ocr_carea' id='block_1_4' title="bbox 153 3465 789 3604">
    <p class='ocr_par' dir='ltr' id='par_1_4' title="bbox 153 3465 789 3604">
     <span class='ocr_line' id='line_1_38' title="bbox 153 3465 789 3604; baseline -0.011 -76"><span class='ocrx_word' id='word_1_244' title='bbox 153 3467 197 3528; x_wconf 77' lang='lat' dir='ltr'><strong>Et</strong></span> <span class='ocrx_word' id='word_1_245' title='bbox 207 3467 309 3546; x_wconf 89' lang='lat' dir='ltr'><strong>pressi</strong></span> <span class='ocrx_word' id='word_1_246' title='bbox 320 3465 416 3526; x_wconf 93' lang='lat' dir='ltr'><strong>multo</strong></span> <span class='ocrx_word' id='word_1_247' title='bbox 430 3465 566 3524; x_wconf 88' lang='lat' dir='ltr'><strong>membra</strong></span> <span class='ocrx_word' id='word_1_248' title='bbox 575 3465 679 3523; x_wconf 85' lang='lat' dir='ltr'><strong>iacere</strong></span> <span class='ocrx_word' id='word_1_249' title='bbox 690 3481 789 3604; x_wconf 44' lang='lat' dir='ltr'><strong>mer&amp;</strong></span> 
     </span>
    </p>
   </div>
   <div class='ocr_carea' id='block_1_5' title="bbox 0 0 1118 3846">
    <p class='ocr_par' dir='ltr' id='par_1_5' title="bbox 0 0 1118 3846">
     <span class='ocr_line' id='line_1_39' title="bbox 0 0 1118 3846; baseline 0 0"><span class='ocrx_word' id='word_1_250' title='bbox 0 0 1118 3846; x_wconf 95' lang='lat' dir='ltr'><strong> </strong></span> 
     </span>
    </p>
   </div>
  </div>
 </body>
</html>
