2220 3846
124 176 165 271 ro
375 203 784 266 succursu
852 269 855 274 ,

248 371 423 452 Osculaque
434 373 584 452 inpressis
596 372 666 431 nixa
677 370 750 432 decli
762 372 917 450 gradibus.
958 431 964 437 .

205 460 288 520 Ante
298 463 368 517 tuos
381 458 524 536 quotiens
535 456 616 515 verti
627 473 686 533 me,
697 455 827 534 perfida,
838 466 957 539 postes,

246 541 422 619 Debitaque
434 537 565 599 occultis
576 545 646 601 vota
657 537 715 597 tuli
725 542 864 601 manibus
873 543 892 601 i'

151 634 185 688 45
206 625 292 686 Haec
301 623 358 685 ille
369 629 402 683 et
413 625 440 683 si
452 641 530 702 quae
541 623 647 686 miseri
658 623 786 683 novistis
798 633 936 687 amantes

245 709 288 770 Et
298 708 456 768 matutinis
468 706 623 786 obstrepit
637 703 771 766 alitibus.

205 792 257 853 Sic
269 810 326 870 ego
338 810 419 851 nune
432 789 573 851 dominae
584 790 665 849 vitiis
677 797 710 850 et
720 809 843 870 semper
854 797 984 856 amantis

245 874 389 937 Fletibus
401 879 528 933 aeterna
539 873 669 933 differor
682 873 806 936 invidia.

138 1008 188 1102 ll
207 1008 253 1102 llt
263 1043 385 1120 merito,
397 1041 539 1119 quoniam
549 1041 636 1119 potui
647 1041 763 1118 fugisse
773 1040 936 1121 puellami·

175 1175 187 1181 ..
243 1125 332 1185 Nunc
343 1144 400 1203 ego
411 1123 551 1184 desertus
563 1122 704 1203 alloquor
716 1121 869 1204 alcyones.

203 1209 270 1270 Nec
280 1210 356 1269 mihi
368 1209 504 1287 cassope
516 1206 608 1268 solito
620 1209 723 1267 visura
734 1211 868 1269 carinam
879 1217 939 1290 est,

245 1293 416 1372 Omniaque
426 1293 548 1369 ingrato
558 1289 654 1351 litore
665 1299 737 1352 vota
749 1291 872 1356 cadunt.

167 1381 184 1434 5
206 1376 288 1452 Quin
299 1377 392 1435 etiam
402 1376 524 1435 absenti
534 1382 665 1453 prosunt
675 1376 744 1454 tibi,
756 1376 899 1455 Cynthia,
910 1382 1013 1441 venti:

246 1460 372 1539 Aspice,
385 1479 474 1537 quam
485 1477 589 1518 saeuas
600 1459 742 1538 increpat
754 1480 827 1520 sura
838 1463 944 1523 minas.

205 1541 340 1604 Nullane
351 1541 492 1623 placatae
503 1543 608 1602 veniet
618 1542 744 1604 fortuna
754 1544 935 1623 procellae?

244 1628 383 1692 Haecine
392 1647 486 1707 parva
497 1644 596 1686 meum
607 1626 699 1686 funus
712 1645 805 1686 arena
815 1629 924 1707 teget?

205 1710 255 1771 Tu
265 1718 368 1771 tomen
379 1712 413 1770 in
423 1708 534 1771 melius
547 1728 651 1770 saevas
664 1718 810 1771 converte
822 1710 996 1791 querellas:

151 1803 185 1856 10
247 1795 302 1854 Sat
311 1796 369 1855 tibi
380 1796 421 1854 sit
431 1812 551 1874 poenae
562 1814 623 1853 nox
634 1800 667 1853 et
676 1795 781 1873 iniqua
791 1795 876 1859 vada.

204 1879 254 1938 Au
263 1879 382 1958 poteris
394 1879 485 1938 siccis
495 1895 564 1938 mea
574 1879 638 1936 fata
649 1897 808 1958 opponere
820 1878 941 1959 ocellis,

245 1963 383 2042 Ossaque
394 1961 478 2025 nulla
488 1968 541 2021 tuo
553 1967 660 2020 nostra
670 1968 780 2022 tenere
795 1964 887 2022 sinu?

203 2046 253 2105 Ah
264 2051 383 2124 pereat,
401 2045 584 2124 quicumque
596 2048 680 2104 rates
692 2051 726 2105 et
736 2045 803 2106 vela
813 2049 934 2127 paravit

243 2129 365 2188 Primus
377 2134 410 2187 et
420 2128 516 2187 invito
529 2128 652 2206 gurgite
663 2129 742 2190 fecit
753 2131 823 2191 iter.

151 2219 184 2273 15
203 2211 314 2271 Nonne
324 2211 385 2271 fuit
395 2210 507 2271 melius
519 2210 660 2272 dominae
671 2213 854 2293 pervincere
867 2232 974 2275 mores

246 2288 410 2379 (Quamvis
422 2293 508 2373 dura,
519 2303 622 2355 tamen
633 2316 703 2356 rara
712 2293 816 2375 puella
826 2289 920 2381 fuit),

204 2379 300 2456 Quam
311 2381 356 2440 sic
365 2380 481 2457 ignotis
492 2377 679 2440 circumdata
688 2378 781 2440 litora
793 2377 878 2440 silvis

243 2463 383 2523 Cernere
395 2470 428 2524 et
439 2469 561 2543 optatos
573 2481 726 2542 quaerero
739 2462 960 2544 Tyndaridas?

201 2544 269 2608 Illic
281 2548 307 2606 si
319 2567 377 2625 qua
387 2565 488 2612 meum
500 2547 686 2628 sepelissent
697 2546 761 2606 fata
772 2546 923 2625 dolorem,

146 2638 182 2690 20
241 2627 376 2690 Ultimus
388 2636 422 2690 et
431 2632 533 2711 posito
545 2635 644 2690 staret
654 2647 758 2689 amore
768 2629 859 2711 lapis,

202 2708 257 2773 llla
268 2733 336 2773 meo
349 2735 436 2775 caros
448 2712 593 2775 donasset
603 2712 715 2773 lunera
727 2715 840 2793 crines,

184 2804 188 2810 '
243 2797 384 2859 Molliter
395 2806 429 2859 et
438 2806 549 2858 tenero
559 2804 694 2877 poneret
705 2817 774 2858 ossa
785 2817 870 2858 rosa:

200 2878 256 2938 Illa
265 2899 367 2940 meum
378 2888 516 2942 extremo
528 2878 689 2941 clamasset
699 2880 829 2962 pulvere
840 2898 966 2959 nomen,

240 2963 283 3023 Ut
293 2966 368 3024 mihi
378 2985 441 3025 non
451 2964 517 3025 ullo
527 2961 667 3044 pondere
678 2972 764 3026 terra
773 2966 867 3026 foret.

148 3053 181 3107 25
203 3047 245 3106 At
255 3067 319 3126 vos,
331 3067 504 3128 aequoreae
516 3048 652 3108 formosa
663 3047 781 3110 Doride
793 3055 895 3126 natae,

243 3128 381 3192 Candida
391 3132 478 3192 felici
490 3129 601 3193 solvite
611 3130 679 3193 vela
691 3135 803 3194 choro:

200 3214 234 3274 Si
246 3214 367 3293 quando
379 3222 497 3276 vestras
506 3214 615 3275 labens
625 3217 721 3277 Amor
733 3219 837 3297 attigit
847 3214 958 3296 undas,

240 3297 413 3358 Mansuetis
426 3301 511 3359 socio
523 3300 643 3378 parcite
654 3299 808 3362 litoribus.

496 3439 690 3451 m.
