2220 3846
106 276 115 289 ,
205 196 400 276 mana
440 209 560 288 uun.
599 209 662 290 rr,
685 224 708 274 1.
894 213 937 278 n

103 375 223 443 Detulit
232 379 349 440 Intacta
357 379 469 458 pagiua
478 384 586 441 noatra
598 380 663 442 viar
698 408 701 413 ·
754 406 758 411 ·
836 388 840 397 ·

61 460 816 543 mollin-Pegasides,uatevutroaertapoenaa

10 555 63 607 20·
103 544 687 625 Nonfaeieteapltiduraeorouameo.
728 584 731 589 -
758 578 771 605 .·
848 558 853 569 '

60 630 104 690 At
114 630 189 688 mibi
201 627 283 707 quod
296 630 364 689 vivo
376 627 549 691 detraxerit
558 629 662 693 invida
672 631 774 709 turba,

101 712 178 773 Post
189 714 306 773 obitum
316 710 435 790 ‹lupliei
444 711 555 773 fenore
566 711 679 777 reddet
689 714 807 777 Honor.

62 796 173 855 Omnia
182 801 255 875 post
266 796 383 857 obitum
393 796 483 874 fingit
493 797 765 876 maiora-vetustae,
807 808 812 815 '

100 879 204 941 Maius
219 880 256 941 ab
267 879 407 956 exequiis
417 897 528 943 nomon
540 880 573 941 in
585 900 639 941 ora
651 882 746 943 veuit.

10 970 44 1024 25
64 962 140 1023 Nam
152 962 220 1040 quis
231 980 311 1041 equo
322 959 426 1041 pulsas
437 963 567 1042 abiegno
577 969 725 1025 noaeeret
734 981 834 1041 areea,

98 1044 302 1125 Fluminaque
313 1045 485 1107 Haemonio
499 1047 636 1107 eominur
648 1048 711 1106 iaae
721 1048 799 1124 viro,

61 1128 184 1190 Idaeum
195 1129 354 1190 Simoenta
366 1129 445 1189 lovi·
458 1128 607 1189 cunabula
617 1131 715 1208 parvi,

101 1214 239 1272 Hectora
248 1231 443 1292 pereampos
452 1216 504 1270 ter
514 1209 683 1271 maculasse
694 1213 802 1271 rotas?

60 1294 317 1377 Deiphobumque
334 1293 552 1374 Helenumque
569 1300 602 1354 et
618 1292 839 1374 Polydamanta
850 1300 884 1355 et
898 1295 932 1354 in

539 1397 631 1438 armm

14 1467 46 1522 30
103 1461 361 1541 Qualemoumque
371 1463 466 1527 Parin
476 1462 526 1523 vix
536 1480 590 1522 suo
600 1468 708 1523 nosset
717 1463 838 1524 humus.

58 1546 175 1623 Exiguo
187 1563 330 1610 sermone
340 1547 426 1607 lorea
437 1564 530 1623 nune,
540 1545 620 1607 ssion
630 1553 664 1606 et
673 1553 709 1606 tu

100 1628 198 1689 Troia
210 1628 259 1687 bio
272 1628 383 1693 Oetaei
392 1629 517 1687 numine
528 1634 618 1706 captu
629 1628 690 1692 dei.

59 1712 126 1772 Neo
137 1707 266 1777 uonille
277 1710 324 1769 tui
335 1729 421 1769 cama
435 1715 622 1769 memorator
632 1709 787 1775 Homerus
815 1744 818 1751 ·

100 1793 291 1859 Posteritate
302 1811 390 1853 auum
402 1809 545 1853 creauere
558 1794 658 1862 senuit
671 1810 757 1873 opus.

18 1880 47 1935 lt
63 1878 180 1957 Meque
192 1877 277 1941 iuter
288 1894 375 1937 seror
385 1873 523 1937 laudabit
534 1875 631 1937 Roma
641 1883 789 1957 nepotes:

98 1960 187 2031 Illum
197 1966 269 2040 post
282 1962 405 2021 eineres
417 1974 549 2038 auguror
559 1958 741 2039 ipae,‹liem.·

60 2043 105 2105 Ne
114 2063 182 2104 mea
193 2049 370 2124 contempto
381 2042 462 2122 lapis
472 2042 593 2111 indicet
602 2061 672 2111 oasa
682 2041 837 2122 repulere,

78 2128 260 2195 'Provisum
270 2133 319 2189 est
328 2127 426 2206 Lycio
435 2131 507 2189 rota
516 2127 669 2206 probante
681 2125 750 2189 deor
780 2158 783 2163 Δ
838 2176 841 2183 .

62 2211 216 2272 Carminis
225 2212 348 2273 interea
356 2211 457 2270 nostrl
467 2208 631 2270 redeamus
642 2211 677 2270 iu
687 2211 805 2286 orbem,

16 2293 46 2350 lo
100 2292 241 2356 Gaudeat
249 2301 285 2353 ut
294 2293 387 2353 nolito
397 2298 481 2353 taeta
490 2291 595 2372 puella
606 2312 724 2352 sono·
1042 2357 1044 2361 ,

64 2377 188 2457 Orphea
199 2372 369 2437 detinuisse
379 2377 464 2434 leros
475 2383 508 2435 et
518 2377 639 2436 concita
649 2374 757 2436 dieunt
901 2338 929 2430 2

99 2460 242 2527 Flumina
253 2459 401 2529 Threicia
410 2459 592 2525 sustinuiae
602 2458 688 2538 lyra:

61 2543 137 2604 Saxa
149 2544 346 2605 Cithaeronis
357 2543 483 2605 Thebas
497 2544 610 2620 agitata
621 2561 679 2623 per
690 2548 790 2602 artem

100 2628 218 2707 Sponte
230 2628 328 2687 suain
337 2628 417 2689 muri
427 2624 565 2687 membra
574 2628 677 2688 uoluae
687 2627 808 2689 lerunt:

18 2708 45 2766 la
63 2710 142 2787 Quin
153 2711 257 2787 etiam,
268 2708 471 2790 Polypheme,
481 2711 552 2771 lora
561 2709 690 2771 Galatea
700 2710 756 2771 sub
769 2709 871 2767 Aetna
912 2712 928 2764 5

99 2792 150 2853 Ad
159 2799 213 2854 tua
223 2800 366 2853 rorante·
378 2794 511 2853 earmina
520 2793 609 2861 flexit
618 2811 730 2871 equos:

60 2876 221 2956 Miremur,
231 2878 321 2938 nobis
332 2884 366 2937 et
374 2877 496 2938 Baeolro
509 2882 543 2936 ot
551 2875 698 2956 Apolline
710 2875 820 2937 dextro

100 2959 206 3019 Turba
215 2959 388 3040 puellarum
398 2963 425 3021 ai
435 2979 504 3021 mea
513 2961 608 3022 verba
618 2958 719 3020 eolit'l

59 3042 149 3120 Quod
165 3062 227 3103 non
239 3044 400 3104 Taenariis
412 3043 518 3104 domus
529 3049 579 3104 eat
592 3045 669 3104 mibi
678 3042 758 3103 fulta
768 3039 929 3115 columnia,

15 3131 43 3186 to
99 3126 165 3186 Neo
177 3145 298 3188 camera
308 3133 428 3186 auratas
437 3129 521 3187 inter
532 3129 650 3187 eburna
659 3127 777 3200 trabea,
896 3130 931 3182 10

57 3208 123 3270 Nee
135 3228 204 3271 mea
214 3210 370 3271 Phaeacas
381 3217 513 3290 aequant
523 3212 662 3290 pomaria
675 3208 777 3287 silvas,

96 3292 166 3355 Non
178 3312 309 3375 operosa
319 3295 402 3372 rigat
411 3294 547 3355 Marcius
559 3298 647 3353 antra
657 3293 779 3372 liquor;

55 3378 99 3438 At
108 3377 219 3439 Musae
233 3378 361 3438 comiter
376 3383 409 3438 et
420 3379 554 3437 earmina
565 3374 637 3436 earo
645 3376 776 3456 legenti,
869 3446 871 3449 p

96 3460 140 3520 Et
151 3460 274 3521 defessa
286 3461 390 3523 eboris
402 3460 560 3543 Calliopea
570 3462 658 3523 meir.
