2220 3846
297 193 647 273 alannae.
925 197 968 261 oe
1037 182 1040 186 ⁴

133 361 283 438 Auguste,
300 360 466 419 Hectoreis
478 358 601 438 cognite
612 361 710 420 maior
721 362 793 439 avis,

93 444 193 515 Vince
205 445 297 503 mari:
319 444 379 503 iam
389 450 476 503 terra
485 450 539 505 tna
549 451 613 504 est:
634 446 692 504 tibi
702 442 815 505 militat
826 465 925 526 arcus,

46 537 87 594 10,
135 527 178 589 Et
187 528 272 586 favet
283 545 320 586 ex
330 528 467 587 humeris
477 528 538 587 hoc
546 547 625 587 onus
637 547 727 588 omne
738 529 825 588 meis.

96 608 188 671 Solve
201 617 286 670 metu
295 610 436 691 patriam,
451 629 529 689 quae
539 630 621 670 nuuc
632 618 664 671 te
675 611 797 672 vindice
808 612 892 671 freta

134 694 272 774 Inposuit
281 712 395 772 prorae
406 693 529 773 publica
538 701 611 754 rota
620 701 701 757 tuae.

94 777 192 854 Quam
202 779 263 837 nisi
274 776 437 854 defendes,
448 797 606 838 murorum
615 777 764 840 Romulus
776 797 872 858 augur

134 859 692 923 lrePalatinasnoubeneviditaves.
832 864 839 881 ⁴

46 953 74 1006 t5
94 945 138 1007 Et
149 941 276 1004 nimium
286 945 380 1004 remis
391 943 505 1004 audent
515 946 596 1025 proh
607 951 699 1025 turpe
709 945 829 1007 Latinis

134 1028 280 1107 Principe
292 1034 325 1087 te
336 1029 447 1090 ductus
457 1031 544 1108 regia
555 1028 623 1089 vela
632 1031 706 1108 pati.

94 1112 214 1189 Necte,
226 1110 309 1190 quod
318 1111 425 1172 classis
437 1114 578 1172 centenis
589 1114 722 1190 remiget
733 1110 801 1192 alis,

71 1224 79 1237 ·
136 1195 286 1255 Terreat:
308 1197 404 1255 invito
414 1195 531 1255 labitur
542 1193 597 1254 illa
607 1197 700 1255 mari:

96 1276 247 1357 Quodque
257 1280 373 1338 vehunt
384 1297 498 1359 prorae
510 1279 695 1339 Centaurica
705 1299 776 1339 saxa
785 1279 939 1358 minantis,

46 1368 77 1421 50
114 1362 239 1439 ‘Tigna
250 1381 321 1422 cava
333 1368 366 1421 et
375 1364 476 1441 pictos
489 1363 653 1442 experiere
663 1364 778 1424 met'us..
1017 1363 1020 1366 ’

71 1449 75 1457 “
93 1443 223 1523 Frangit
233 1452 266 1505 et
277 1444 393 1522 attollit
403 1447 485 1506 vires
496 1448 529 1506 in
540 1445 760 1522 milite-causa3

137 1530 221 1603 Quae
233 1531 383 1590 nisiiusta
394 1532 511 1607 subest,
523 1532 640 1590 excutit
650 1550 734 1606 arma
745 1528 854 1610 pudor.

94 1611 232 1687 Tempus
244 1611 342 1687 adest,
354 1614 615 1671 committerates:
636 1630 694 1688 ego
702 1613 851 1692 temporis
859 1617 966 1672 auctor

135 1693 250 1751 Ducam
260 1691 415 1769 laurigera
427 1693 503 1753 iulia
513 1701 616 1753 rostra
625 1698 738 1756 manu?
847 1729 849 1733 ,

46 1786 72 1840 35
94 1776 233 1852 Dixerat,
246 1782 279 1835 et
288 1776 455 1856 pharetrae
465 1775 585 1855 pondus
597 1778 749 1838 consumit
759 1779 792 1838 in
803 1798 907 1839 arcus:

134 1859 278 1919 Proxima
290 1866 363 1939 post
374 1880 461 1919 arcus
473 1861 613 1921 Caesaris
627 1862 715 1920 hasta
723 1861 792 1924 fuit.

85 1942 201 2004 ¹Vincit
213 1942 382 2003 Romafide
392 1943 528 2004 Phoebi:
551 1943 869 2025 datfeminapaenas:

136 2026 266 2105 Sceptra
276 2045 335 2106 per
345 2026 444 2087 ionias
455 2027 554 2087 fracta
564 2029 718 2089 vehuntur
730 2049 832 2109 aquas.

92 2110 135 2170 At
145 2116 234 2190 pater
243 2108 340 2170 Idalio
351 2112 480 2171 miratur
493 2112 607 2173 Caesar
619 2114 656 2172 ab
668 2119 768 2175 astro:

46 2202 75 2256 30
119 2192 222 2265 fSum
234 2192 321 2272 deus,
333 2201 366 2254 et
376 2197 477 2255 nostri
488 2198 643 2273 sanguinis
655 2198 715 2256 ista
724 2196 825 2258 fides!

92 2276 297 2356 Prosequitur
308 2283 400 2336 cantu
411 2277 535 2354 Triton,
547 2297 715 2356 omnesque
725 2282 861 2339 marinae

134 2357 720 2436 Plaureruutoircaliberasignadeae.

91 2440 149 2504 flla
158 2445 239 2523 petit
248 2442 353 2504 Nilum
366 2444 475 2520 cymba
485 2440 566 2500 male
576 2442 646 2501 nixa
656 2443 769 2519 fugaci,

134 2527 202 2586 Hoc
212 2546 316 2605 unum,
326 2528 410 2587 iusso
421 2544 484 2585 nen
495 2527 645 2585 moritura
655 2524 717 2586 die.

46 2616 73 2672 55
93 2607 270 2670 Dimalius!
294 2616 424 2688 quantus
434 2607 545 2669 mulier
555 2609 640 2668 foret
649 2628 711 2668 una
720 2607 904 2686 triumphus,

132 2693 250 2752 Ductus
261 2698 329 2752 erat
338 2711 396 2774 per
408 2711 482 2770 quas
493 2697 564 2751 ante
574 2691 721 2770 iugurtha
730 2691 803 2752 vias.

92 2777 201 2837 Aetius
212 2776 285 2835 hinc
296 2776 390 2835 traxit
399 2776 544 2835 Phoebus
556 2775 753 2852 monimenta,
765 2771 848 2852 quod
858 2773 926 2833 eius

133 2861 201 2937 Una
213 2858 321 2920 decem
332 2861 406 2919 vicit
418 2861 510 2919 missa
521 2859 632 2936 sagitta
641 2864 736 2918 rates.

91 2941 182 3003 Bella
193 2945 266 3003 satis
278 2944 392 3005 cecini:
414 2942 563 3004 citharam
572 2943 633 3002 iam
642 2942 744 3022 poscit
755 2937 869 3021 Apollo

46 3035 74 3090 io
136 3026 246 3089 Victor
255 3033 290 3086 et
301 3026 339 3086 ad
349 3025 489 3106 placidos
500 3027 584 3086 exuit
595 3046 678 3086 arma
689 3025 810 3086 choros.

93 3109 233 3171 Candida
246 3130 327 3169 nunc
339 3109 426 3170 molli
440 3111 571 3169 subeant
581 3104 718 3168 convivia
727 3091 812 3182 inco,

133 3191 369 3271 Blanditiaeque
379 3194 476 3253 fluant
485 3211 543 3272 per
554 3210 623 3251 mea
633 3189 714 3250 colla
725 3207 825 3266 rosae,

92 3278 235 3355 Vinaque
245 3276 415 3337 fundantur
425 3275 540 3356 praelis
552 3274 628 3335 elisa
638 3272 793 3349 Falernis,

135 3361 262 3439 Terque
272 3358 356 3421 lavet
366 3366 488 3419 nostras
499 3360 584 3438 spica
595 3356 828 3419 Oilissacomas.

46 3455 71 3510 '5
93 3445 252 3524 ingenium
263 3445 345 3525 potis
356 3444 462 3506 irritet
472 3443 562 3504 Musa
572 3443 689 3522 poetis:
719 3516 758 3581 Ἰ*
