2220 3846
71 269 76 277 .
256 209 774 293 imunimmmu
955 211 995 277 H

52 429 108 524 18
124 427 211 523 llaec
223 467 310 522 certe
323 459 447 522 deserta
457 459 529 522 loca
539 469 572 522 et
582 463 737 521 taciturna
748 466 902 545 querenti,

161 548 204 608 Et
213 566 339 606 vacuum
350 547 490 626 Zephyri
499 544 641 626 possidet
652 565 726 605 aura
736 564 859 608 nemus:

121 632 181 690 Hic
191 628 269 690 licet
280 626 419 691 occultus
430 630 576 708 proferre
590 631 706 709 inpune
718 627 865 709 dolores,

162 715 195 774 si
206 713 297 774 modo
309 714 376 773 sola
386 719 502 791 queant
512 732 584 772 saxa
594 720 704 773 tenere
715 712 819 776 fidem.

84 808 101 859 5
118 796 213 877 ¹‚Unde
224 805 294 857 tuos
305 799 439 874 primum
448 803 598 877 repetam,
610 797 964 875 meussynthiq'fastus?

162 880 253 956 Quod
263 880 339 940 mihi
351 877 404 939 das
416 881 523 960 flendi,
535 882 679 960 Cynthia,
690 882 900 961 principium?

121 966 183 1041 Qui
193 963 283 1024 modo
295 963 404 1024 felices
415 966 498 1026 iuter
508 967 693 1026 numerabar
704 972 852 1044 amantes,

159 1048 248 1108 Nunc
258 1050 292 1108 in
302 1067 406 1108 amore
417 1056 471 1109 tuo
484 1068 578 1128 cogor
591 1051 708 1109 habere
719 1056 832 1110 notam.

121 1132 201 1209 Quid
217 1139 336 1192 tantum
349 1134 470 1193 meruit
493 1150 570 1213 quac
580 1140 614 1192 te
626 1133 702 1192 mihi
713 1134 841 1192 crimina
851 1133 993 1192 mutant?

65 1225 102 1276 10
163 1217 211 1276 An
222 1236 300 1275 nova
310 1217 458 1276 tristitiae
470 1236 559 1275 eausa
570 1215 676 1296 puella
685 1216 781 1275 tuae?

120 1300 172 1360 Sic
183 1301 258 1359 mihi
269 1305 301 1359 te
313 1300 434 1359 referas
443 1298 533 1377 levis,
544 1306 580 1359 ut
590 1320 653 1360 non
664 1298 763 1359 altera
772 1305 881 1360 nostro

160 1383 281 1445 Limine
290 1383 445 1445 foriuoos
455 1383 563 1445 intulit
573 1382 755 1465 ullapedes.

119 1467 261 1543 Quamvis
272 1465 370 1529 multa
378 1469 438 1528 tibi
450 1467 541 1539 dolor
551 1470 603 1529 hic
614 1488 700 1529 meus
712 1486 822 1547 aspera
833 1466 938 1546 (lebet,

158 1550 229 1611 Non
239 1553 284 1611 ita
294 1570 383 1612 saeva
394 1559 498 1612 tamen
507 1555 630 1612 venerit
640 1555 687 1611 ira
699 1570 777 1627 mea,

62 1642 99 1696 15
120 1635 165 1693 Ut
175 1635 234 1692 tibi
245 1635 302 1692 sim
313 1636 424 1693 merito
437 1654 560 1712 semper
570 1636 660 1693 furor
671 1639 705 1691 et
715 1640 768 1690 tua
779 1631 884 1691 flendo

159 1717 289 1776 Lumina
301 1714 431 1775 deiectis
441 1719 545 1795 turpia
555 1718 618 1775 siut
628 1715 774 1776 lacrimis.

118 1801 169 1861 An
181 1801 252 1879 quia
261 1818 356 1878 parva
367 1797 472 1860 damus
483 1806 599 1861 mutato
611 1802 698 1878 signa
709 1799 826 1877 colore,

157 1885 201 1945 Et
212 1886 276 1944 ncn
289 1882 353 1943 ulla
362 1902 431 1943 meo
444 1884 553 1944 clamat
564 1886 597 1943 in
609 1902 663 1944 ore
675 1883 777 1942 fides?

118 1968 183 2029 Vos
195 1968 283 2028 eritis
294 1974 404 2046 testes,
417 1969 443 2029 si
457 1989 534 2048 quos
545 1970 641 2029 habet
651 1970 744 2029 arbor
754 1986 884 2047 amores,

40 2127 45 2133 ¹
62 2062 101 2114 20
160 2052 262 2131 Fagus
273 2059 307 2111 et
319 2053 453 2112 Arcadio
464 2055 555 2134 pinus
568 2054 664 2113 amica
676 2050 745 2114 deo.
796 2061 799 2066 '

50 2152 51 2155 ’
117 2137 991 2215 AhquctIcnrtenerasresonantmeaverbasubumbras,

160 2219 314 2280 Scribitur
325 2227 359 2279 et
368 2223 480 2280 vestris
493 2223 628 2300 Cynthia
639 2221 822 2281 corticibus!

115 2305 168 2364 An
178 2309 231 2362 tua
243 2303 326 2380 quod
335 2306 461 2382 peperit
470 2306 560 2365 uobis
570 2305 684 2364 iniuria
696 2323 795 2379 curas,

160 2386 246 2462 Quae
257 2383 356 2445 solum
367 2387 470 2445 tacitis
483 2388 605 2464 cognita
616 2392 688 2444 sunt
697 2386 841 2445 foribus?

61 2480 97 2534 25
121 2470 231 2531 Omnia
242 2471 387 2530 consuevi
397 2468 523 2530 timida
533 2470 679 2550 perferre
691 2470 843 2548 superbae

159 2555 244 2614 iussa
254 2573 357 2634 neque
364 2562 477 2634 arguto
487 2555 570 2615 facta
582 2552 693 2614 dclcre
705 2553 804 2631 queri.

119 2639 183 2699 Pro
196 2657 267 2717 quo,
280 2637 376 2699 divini
386 2640 501 2716 fontes,
513 2645 547 2699 ct
556 2638 672 2715 frigide
681 2655 776 2716 rupes

158 2723 201 2783 Et
213 2721 303 2781 datur
313 2720 431 2782 inculto
444 2723 569 2782 tramite
582 2721 659 2781 dure
671 2722 775 2798 quies;

118 2806 160 2866 Et
172 2805 386 2885 quodcumque
397 2825 485 2866 meae
496 2811 626 2886 possunt
635 2821 764 2863 narrare
777 2799 948 2881 querellae,

60 2899 99 2952 30
161 2890 264 2969 Cogor
275 2887 313 2949 ad
325 2897 447 2970 argutus
459 2889 566 2951 dicere
578 2887 663 2949 solus
674 2906 754 2948 aves.

121 2971 185 3034 Sed
197 2973 427 3054 qualiscumque
439 2994 484 3054 cs,
495 2981 645 3035 resonent
656 2973 732 3032 mihi
740 2971 874 3051 Cynthia
885 2968 990 3046 silvae,
1034 3032 1037 3039 ,

159 3057 225 3118 Nec
237 3057 362 3118 deserta
372 3066 425 3118 tuc
437 3061 560 3120 nomine
572 3079 643 3119 saxa
654 3061 774 3119 vacent.

45 3189 104 3284 lli
122 3187 196 3285 Nou
209 3245 267 3305 ego
279 3245 360 3286 nunc
370 3227 479 3286 tristes
489 3241 611 3300 vereor,
629 3242 698 3283 mea
709 3223 853 3301 Cynthia,
870 3221 991 3296 Manes,

160 3309 226 3369 Nec
237 3330 342 3371 moror
353 3316 491 3370 extremo
504 3307 681 3369 debitefata
692 3326 786 3386 reg03

121 3393 185 3452 Sed
198 3412 238 3453 ne
249 3394 333 3456 forte
344 3401 399 3454 tuo
412 3400 516 3454 careat
525 3394 601 3453 mihi
611 3392 704 3452 funus
715 3407 830 3465 amore,

160 3478 220 3538 Hic
232 3479 325 3539 timor
336 3486 385 3539 est
398 3480 473 3559 ipssi
486 3476 592 3538 durior
604 3477 754 3556 exequiis.
821 3473 824 3477 ’

75 3561 285 3624 Psorsautus.
777 3564 805 3614 ‘a
