2174 3826
133 212 176 287 οι
433 205 795 269 ιιιοιιιιιιιι

220 377 286 452 Quo
299 373 420 435 videon
431 371 539 454 spoliis
551 378 696 433 oneratos
707 373 852 433 caesuris
863 390 957 454 exeo,-

259 457 309 519 Ad
319 455 402 536 vulgi
411 456 535 537 plausus
549 473 642 536 saepe
653 457 805 517 resistere
817 475 930 537 equos,

164 550 198 603 15
220 541 353 621 lnque'
328 560 396 601 smu
407 559 496 600 curse
507 541 596 599 nixus
607 545 750 618 spectore
761 539 886 619 puellae

257 626 405 704 Incipiam
416 629 449 682 et
458 620 559 684 titulis
571 621 684 703 oppidu
695 627 785 701 coptu
795 620 919 702 legum,

219 706 300 768 Telo
309 708 428 785 fugacis
439 708 511 786 equi
524 712 556 767 et
566 706 702 766 braccati
712 703 821 765 militis
834 727 927 767 orcus

256 793 299 852 nt
309 792 417 851 subter
428 797 534 869 coptos
545 809 628 849 ormo
638 786 750 848 sedere
762 786 868 850 duces.

216 874 285 954 Ipso
294 879 377 932 tuum
387 891 476 932 servu
485 872 616 952 prolem,
628 872 750 934 Venus:
772 872 833 932 boc
845 874 932 939 sitin
943 893 1032 951 semu,

163 967 198 1019 20
261 956 372 1017 Cernis
383 956 420 1015 sb
430 955 538 1015 Aenea
549 954 633 1034 quod
645 972 810 1035 superesse
821 963 926 1036 caput.

215 1038 336 1100 Praedo
347 1040 389 1099 sit
398 1039 476 1098 hoec
486 1038 560 1116 illis,
573 1057 703 1118 quorum
713 1056 859 1099 meruere
870 1039 1003 1101 labores:

258 1123 313 1184 Me
327 1130 375 1184 sot
386 1123 447 1182 erit
458 1121 552 1183 Sucro
561 1120 813 1203 plaudereposse
824 1122 896 1184 Viu.

172 1257 199 1345 4
214 1254 309 1348 Pacis
318 1290 414 1349 Amor
424 1288 499 1348 deus
511 1294 570 1366 cst,
580 1304 688 1367 pacem
698 1304 884 1348 veneremur
895 1294 1022 1351 amoto.
1032 1246 1045 1341 5

256 1371 347 1429 Stant
356 1373 432 1429 mihi
442 1391 510 1430 cum
522 1368 644 1429 dominu
654 1368 775 1448 proelio
786 1369 865 1431 durs
876 1392 970 1451 mes·

214 1452 280 1512 Nec
290 1453 414 1510 tumen'
404 1454 501 1512 muiso
512 1458 622 1531 pectus
633 1453 709 1512 mibi
721 1455 860 1534 carpitur
871 1477 958 1536 euro,

254 1533 320 1594 Nec
325 1534 439 1611 bibite
453 1554 571 1636 gemma
582 1533 677 1597 divite
688 1544 796 1597 nostru
807 1539 927 1618 sitis‚.

178 1628 194 1681 5
214 1618 281 1681 Nec
290 1606 366 1681 mihi
375 1617 484 1680 mille'
474 1621 554 1698 rugis
566 1619 732 1700 Campanis
742 1622 867 1701 pinguis
879 1631 991 1703 uratur,-

253 1703 319 1763 Nec
329 1704 424 1764 miser
435 1723 507 1765 acro
516 1724 591 1785 poro
604 1702 704 1782 clude,
716 1705 955 1784 Corintbe5tuu

214 1786 471 1867 0primsinielix
481 1789 613 1867 fingenti
622 1795 709 1851 terre
717 1788 925 1851 Prometheo·
967 1844 970 1849 .
1071 1816 1077 1825 ·

253 1870 310 1931 Ille
320 1890 429 1950 parum
440 1873 521 1932 cauti
530 1872 668 1951 pectoris
680 1873 744 1949 egit
755 1891 847 1952 opus:

214 1955 354 2035 Corpore
365 1953 531 2036 disponens
541 1961 677 2015 mentem
685 1973 748 2014 non
759 1955 836 2015 vidit
846 1957 882 2016 in
892 1964 969 2019 crte.

160 2046 193 2098 10
252 2037 351 2096 Recta
361 2040 452 2097 enimi
461 2039 593 2115 primum
605 2036 712 2095 debuit
722 2053 792 2094 esse
804 2041 861 2100 viu.

211 2118 300 2178 Nunc
309 2119 401 2176 muris
412 2120 446 2175 in
457 2122 573 2176 tentum
584 2122 676 2174 vento
687 2117 845 2194 iactamur,
859 2130 895 2183 et
906 2125 1015 2186 hortun

252 2199 443 2279 Quaerlmuu
455 2205 547 2278 utque
558 2217 649 2258 armus
660 2197 811 2257 nectimus
822 2219 911 2263 ormo
922 2226 1001 2269 nors
1073 2205 1087 2271 ‘J

211 2282 304 2345 Haud
313 2280 392 2343 ullos
402 2284 540 2365 portabis
552 2302 627 2365 opes
637 2282 824 2343 Acherontis
836 2282 877 2344 ud
889 2290 1001 2359 undar

252 2368 358 2430 Nudus
370 2368 409 2429 sd
419 2370 568 2447 infernus,
579 2366 686 2447 stulte,
695 2367 811 2427 vehere
823 2374 921 2433 rateu

158 2464 190 2516 15
211 2453 322 2517 Victor
334 2474 402 2515 cum
411 2457 500 2516 victis
511 2454 630 2532 puriter
642 2452 822 2511 miscebitur
833 2455 970 2515 umbris.

254 2536 388 2597 Consule
400 2557 468 2596 cum
477 2537 590 2611 Morio,
605 2539 694 2613 capte
704 2533 860 2613 Iugurtha,
877 2537 980 2601 sedes.
1074 2564 1083 2577 ·

86 2673 93 2682 ,
210 2615 315 2695 Lydus
330 2616 474 2675 Dulichio
486 2635 549 2675 non
561 2615 656 2675 distet
667 2617 801 2676 Croesus
814 2619 850 2678 ub
861 2619 930 2681 Ito:

253 2699 376 2780 Optimo
386 2719 479 2778 mors,
491 2700 607 2759 Parcae
619 2719 697 2779 quse
708 2702 793 2761 venit
804 2708 872 2762 actu
884 2702 947 2766 die.

210 2784 265 2845 Me
278 2785 381 2844 iuvut'
371 2802 405 2843 ιιι
414 2784 513 2864 primo
524 2782 655 2844 coluisse
666 2783 838 2844 Helicone
829 2794 956 2847 luveutu

157 2874 193 2926 20
254 2868 475 2945 Musarumque
489 2869 591 2927 choris
602 2856 781 2946 inplicuisse
795 2888 918 2931 munus.

210 2949 266 3009 Me
277 2951 361 3009 iuvet
371 2957 404 3008 et
416 2948 513 3009 multo
525 2956 660 3009 montem
671 2950 788 3010 vincire
799 2951 905 3031 Lyaeo

250 3034 293 3094 Et
303 3034 542 3113 coputmrerna
553 3051 676 3114 semper
686 3034 802 3095 habere
814 3055 895 3099 rosc.
998 3080 1001 3085 -

208 3116 312 3196 Atque
323 3119 447 3197 ubiiom
456 3119 613 3182 Venerem
625 3119 723 3196 gravis
734 3119 942 3200 interceperit
952 3118 1034 3195 cetu,

54 3270 62 3279 Ι
251 3202 410 3282 sparserit
421 3211 454 3265 et
463 3205 566 3283 nigros
578 3202 646 3262 ulbu
656 3210 782 3264 senecta
794 3222 908 3283 comus,

155 3290 189 3343 25
213 3283 293 3344 'l'um
304 3288 379 3346 mihi
389 3295 516 3349 noturus
528 3287 625 3348 libent
635 3287 814 3367 perdiscere
826 3306 943 3367 mores,

148 3382 151 3387 ⁴
251 3371 326 3446 Quis
339 3369 414 3430 deus
425 3372 504 3431 hunc
515 3371 620 3430 mundi
630 3378 786 3453 temperet
795 3377 863 3431 orte
875 3371 1008 3449 domum,

211 3453 277 3531 Quo
286 3455 372 3515 venit
384 3456 536 3536 exoriens,
549 3476 607 3537 quo
619 3455 735 3535 deficit,
745 3453 827 3516 unde
839 3459 958 3517 coactis
