2220 3846
95 240 163 304 ³8*
388 232 753 335 Pnouuuull

178 405 239 471 Vel
251 411 287 465 tu
297 405 457 484 Sisyphios
467 403 544 463 licet
555 402 708 462 admirere
719 399 857 481 labores,

220 488 358 550 Difficile
371 495 406 548 ut
416 495 482 547 toto
494 493 598 547 monte
609 485 730 546 volutet
741 505 834 544 onus:

179 575 292 634 Durius
304 576 336 633 in
347 574 442 632 terris
453 571 532 630 nihil
544 577 592 630 est
604 568 687 648 quod
697 570 778 629 vivat
789 577 923 651 amante,

52 697 54 702 ι
127 668 160 719 10
221 659 297 735 Nec,
307 656 399 716 modo
411 657 437 714 si
449 657 558 735 sapias,
572 652 763 732 quodminus
775 671 846 714 esse
857 655 947 719 velis.

179 743 277 818 Quem
287 741 378 800 modo
389 738 515 798 felicem
526 737 641 797 invidia
652 736 823 797 admirante
834 739 986 818 ferebant,

219 827 307 884 Nunc
319 823 438 883 decimo
451 821 596 880 admittor
607 823 656 882 vix
667 838 725 898 ego
739 841 863 900 quoque
876 823 935 885 die.

179 909 267 968 Nunc
278 909 381 966 iacere
393 925 411 965 e
424 904 500 964 duro
513 925 623 984 corpus
635 907 728 981 iuvat,
742 906 845 984 impia,
856 926 939 985 saro,

220 992 350 1050 Sumere
362 991 437 1050 etin
448 995 569 1048 nostras
580 991 784 1049 trita-venena
794 1009 918 1050 manus:

52 1106 54 1110 ⁸
77 1145 83 1156 ,
128 1083 159 1137 15
180 1077 246 1136 Nec
256 1073 334 1135 licet
344 1076 376 1134 in
387 1075 486 1133 trivii
498 1074 580 1132 sicca
589 1074 790 1152 requiecere
800 1071 874 1133 luna
970 1082 975 1090 “

219 1161 282 1219 Aut
291 1177 349 1239 per
360 1159 489 1217 rimosas
500 1158 625 1215 mittere
637 1158 731 1216 verba
741 1157 836 1217 fores.
935 1205 940 1215 .

180 1242 270 1319 Quod
283 1244 417 1321 quamvis
427 1243 472 1300 ita
482 1243 532 1318 sit,
545 1240 698 1300 dominam
708 1246 828 1299 mutare
839 1242 966 1301 cavebo:

221 1327 302 1385 Tum
312 1321 410 1402 flebit,
423 1344 491 1384 cum
500 1326 534 1382 in
544 1343 593 1383 me
605 1325 741 1384 senserit
752 1343 821 1383 esse
831 1322 936 1386 fidem.

108 1455 163 1553 10
179 1457 333 1551 Assiduae
344 1489 448 1549 multis
460 1490 562 1549 odium
573 1509 728 1570 peperere
742 1489 921 1570 querellaer
987 1449 1015 1545 ii

219 1576 387 1654 Frangitur
396 1576 429 1632 in'
440 1576 535 1633 tacito
547 1575 662 1633 femina
672 1594 765 1654 saepe
777 1577 853 1635 viro.

178 1659 296 1739 Siquid
310 1657 425 1735 vidisti,
439 1676 563 1737 semper
572 1658 687 1717 vidisse
698 1665 826 1739 negato:

216 1746 280 1802 Aut
291 1745 316 1803 si
329 1742 404 1821 quid
416 1741 516 1801 doluit
526 1743 620 1818 forte,
634 1741 741 1802 dolere
752 1762 840 1821 nega.

139 1833 156 1886 5
179 1826 260 1903 Quid
274 1829 300 1886 si
313 1829 372 1885 iarn
387 1828 470 1885 canis
483 1833 566 1884 aetas
577 1844 645 1885 mea
656 1826 787 1886 candeat
797 1829 895 1905 annis,

216 1912 258 1972 Et
271 1912 365 1970 faciat
378 1911 488 1969 scissas
499 1907 645 1987 languida
655 1929 731 1989 ruga
742 1912 858 1989 genas?

175 1996 218 2054 At
228 2014 290 2054 non
302 1994 432 2053 Tithoni
444 2013 595 2072 spernens
606 1994 727 2053 Aurora
739 2001 896 2054 senectam

215 2078 380 2136 Desertum
390 2077 456 2135 an
466 2095 556 2155 passa
565 2079 669 2136 iacere
682 2077 772 2137 domo
784 2085 849 2138 est:

174 2159 264 2220 Illum
275 2177 367 2238 saepe
379 2161 441 2218 suis
454 2157 609 2219 decedens
621 2162 699 2220 fovit
709 2164 741 2221 in
751 2160 844 2237 uluis,
914 2179 917 2186 ’

122 2252 157 2304 10
219 2244 315 2319 Quam
325 2244 412 2321 prius
424 2242 584 2302 adiunctos
597 2244 704 2304 sedula
713 2243 787 2303 lavit
797 2261 913 2323 equos:

174 2325 263 2389 illum
274 2326 313 2386 ad
322 2329 438 2386 vicinos
450 2347 518 2386 cum
530 2326 670 2405 amplexa
681 2329 858 2407 quiesceret
868 2327 969 2404 Indos,

213 2411 354 2472 Maturus
366 2413 481 2471 iterum
492 2417 541 2471 est
552 2420 660 2489 questa
666 2411 776 2471 'redire
789 2409 868 2472 dies.

172 2493 228 2557 illa
239 2494 315 2555 deos
327 2515 450 2554 currum
466 2494 677 2553 conscendens
690 2493 767 2562 dixit
777 2495 911 2573 iniquos,

213 2578 344 2638 invitum
355 2585 388 2636 et
398 2580 492 2636 terris
503 2579 662 2657 praestitit
673 2579 826 2653 officium

118 2671 152 2723 15
173 2662 232 2721 Gui
243 2663 359 2720 maiora
372 2663 454 2720 senis
466 2661 596 2721 Tithoni
608 2661 717 2739 gaudia
727 2663 797 2739 vivi,

213 2747 309 2822 Quam
321 2747 420 2825 gravis
432 2747 541 2805 amisso
553 2745 721 2805 Memnone
732 2744 835 2805 luctus
846 2749 924 2804 erat.

171 2829 248 2887 (ium
262 2849 336 2888 senc
348 2850 410 2888 non
422 2830 532 2909 puduit
542 2828 635 2888 talem
646 2829 783 2888 dormire
793 2825 930 2907 puellam

211 2912 254 2969 Et
265 2930 358 2969 canae
369 2915 485 2970 totiens
497 2912 603 2971 oscula
613 2914 700 2972 ferre
712 2929 826 2972 comae.

170 2995 212 3053 At
222 2999 257 3052 tu
269 2995 361 3051 etiam
372 2996 514 3052 iuvenem
525 2994 618 3054 odisti
630 2984 689 3074 ine,
701 2994 832 3074 perfida,
845 3014 915 3054 cum
925 2994 968 3053 sis

118 3085 154 3138 20
213 3077 282 3155 ipsa
293 3095 367 3135 anus
378 3074 461 3135 haud
471 3076 563 3154 longa
575 3098 666 3138 curra
677 3081 782 3139 futura
794 3075 856 3139 die.

170 3160 252 3235 Quin
264 3179 320 3238 ego
335 3160 479 3219 deminuo
492 3179 605 3238 curam,
622 3162 705 3241 quod
716 3180 811 3241 saepe
823 3159 946 3239 Cupido

210 3243 291 3302 Huic
301 3243 397 3303 malua
410 3262 479 3304 esse
491 3242 582 3321 solet,
595 3248 644 3305 cui
655 3249 753 3306 bonus
765 3251 838 3305 aute
849 3245 920 3307 fuit.

101 3372 149 3465 ii
170 3370 261 3467 Nunc
274 3411 365 3471 etiam
375 3411 510 3473 infectos
522 3413 648 3476 demens
659 3415 784 3477 imitare
795 3413 976 3489 Britannos,

207 3491 303 3554 Ludis
315 3502 348 3555 ot
359 3504 487 3558 externo
497 3500 595 3560 tincta
604 3501 709 3560 nitore
720 3496 836 3579 caput?
