2220 3846
262 212 767 295 ¹1.lssiiiaIV,1a,1a,14.
909 259 912 265 -
968 216 1009 283 75

74 431 117 525 iii
134 428 239 525 Multa
247 470 331 544 tuae,
342 463 465 546 Sparte,
476 466 623 525 miramur
632 465 700 525 iura
709 465 893 547 palaestrae,
919 469 924 479 '
951 435 1007 529 14

155 613 159 620 ,
174 548 238 609 Sed
248 567 336 628 mage
347 549 479 628 virginei
489 555 539 609 tot
548 551 630 609 bona
640 551 800 628 gymnasii,

133 630 224 710 Quod
235 652 298 692 non
309 632 441 692 infames
453 638 580 692 exercet
591 651 723 711 corpore
734 632 826 694 ludo·

172 715 258 777 Inter
267 716 424 777 luctante·
436 713 519 774 nuda
528 713 634 794 puella
644 716 738 794 airon,

90 808 110 860 5
131 800 210 860 cum
220 799 284 880 pila
294 797 410 859 velocia
424 796 508 858 fallit
517 815 576 877 per
586 798 712 858 brachia
722 801 832 879 iactus,

170 883 317 961 Increpat
328 887 361 942 et
373 883 456 942 versi
468 879 562 943 clavia
574 879 692 942 adunca
702 885 815 962 trochi,

128 959 412 1045 Pulvernlentaq'ne
424 965 462 1025 ad
474 971 628 1026 extremas
640 971 702 1025 atat
712 967 828 1027 femina
838 973 947 1045 metas,

167 1049 209 1108 Et
219 1050 337 1129 patitur
348 1048 425 1109 ‹luro
436 1048 564 1115 vulnera
573 1050 745 1128 pancratio,

127 1129 216 1194 Nunc
226 1132 302 1211 ligat
313 1132 352 1193 ad
363 1140 500 1193 caestum
512 1132 677 1211 gaudentia
687 1133 814 1192 brachia
823 1132 911 1210 lori,
939 1188 940 1191 ,

75 1216 110 1275 10
170 1215 293 1276 Missile
310 1235 392 1276 nnnc
403 1216 481 1276 disci
491 1214 612 1296 pondua
624 1216 658 1274 in
669 1216 746 1279 orbe
757 1220 850 1292 rotat,

128 1296 246 1378 Gymm
255 1296 359 1378 pulsat
370 1301 469 1379 equis,
483 1301 607 1359 niveum
616 1298 698 1358 latus
710 1317 785 1359 enee
797 1300 939 1377 revincit,

168 1383 413 1463 Virgincumqne
429 1403 501 1445 cavo
512 1384 651 1462 protegit
662 1401 735 1443 aere
747 1388 849 1463 capnt,

127 1463 232 1540 Qualis
243 1466 464 1528 Amazonidum
475 1466 597 1528 nudatis
607 1464 724 1528 bellica
734 1467 871 1527 mammi

168 1548 460 1610 Thermodontiacis
471 1552 562 1610 turba
571 1549 690 1609 lavatur
701 1552 799 1627 aquis,

80 1637 108 1690 15
127 1630 171 1692 Et
182 1627 274 1707 modo
286 1631 430 1708 Taygeti,
442 1633 544 1690 crinea
556 1631 704 1709 adspersa
713 1633 835 1710 pruina,

168 1711 313 1771 Sectatnr
323 1713 441 1791 patrios
452 1730 511 1791 per
520 1714 591 1790 iuga
601 1711 695 1790 longa
706 1731 815 1785 canea3

126 1793 235 1873 Qualia
247 1802 280 1855 et
288 1796 425 1856 Eurotae
435 1792 549 1855 Pollux
560 1801 592 1856 et
604 1796 715 1855 Castor
725 1796 862 1873 harenis,

165 1879 227 1939 Hic
237 1880 337 1939 victor
347 1881 469 1959 pugnis,
480 1878 537 1938 ille
548 1879 671 1940 iuturus
683 1881 782 1957 equis,

126 1961 212 2022 Inter
224 1982 301 2043 quoa
312 1962 434 2024 Helene
445 1962 537 2027 nudie
548 1980 661 2044 capere
673 1982 756 2022 arma
765 1959 892 2043 papillis

80 2051 109 2106 to
167 2045 284 2112 Fertur
296 2065 355 2107 nec
366 2047 481 2107 iratres
493 2049 655 2108 erubuisse
667 2045 751 2108 deoc.

124 2129 191 2191 Lex
200 2131 295 2208 igitur
307 2131 458 2212 Spartana
466 2137 551 2192 vetat
562 2130 713 2191 accedere
728 2135 876 2209 amantea,

164 2215 207 2274 let
216 2212 294 2274 licet
304 2216 338 2273 in
347 2215 448 2273 triviit
460 2214 499 2272 aa
509 2213 592 2274 latua
604 2233 675 2273 ease
686 2234 771 2293 auae,

124 2297 190 2357 Nec
201 2298 295 2355 timor
307 2301 359 2354 ant
367 2294 433 2353 nlla
444 2302 493 2354 eat
504 2293 626 2354 clausae
636 2295 736 2354 tutela
746 2295 871 2375 puellae

116 2394 120 2401 ’
163 2380 231 2440 Nec
242 2379 342 2457 gravia
354 2377 470 2436 austeri
480 2395 582 2456 poena
592 2376 726 2435 cavenda
736 2379 805 2436 viri

77 2464 106 2522 25
125 2461 221 2523 Nullo
232 2461 401 2543 praemineo
414 2459 453 2520 (le
464 2460 558 2519 rcbm
568 2464 637 2518 tate
646 2455 786 2536 loquaris

164 2546 236 2627 ipae
246 2546 324 2605 tui:
344 2543 457 2622 longae
467 2541 555 2603 nulla
565 2538 692 2621 repulsa
702 2558 816 2602 morae.

124 2628 195 2690 Non
206 2630 322 2707 Tyriae
332 2633 436 2688 vestes
448 2627 585 2686 errantia
593 2622 710 2685 lumina
719 2623 845 2701 fallunt,

164 2713 224 2774 Eat
234 2729 337 2790 neque
349 2709 495 2770 odoratae
506 2729 580 2769 cura
590 2707 722 2771 molesta
733 2724 847 2768 comae.

124 2797 168 2857 nt
177 2801 285 2856 nostra
294 2794 415 2873 ingenti
424 2791 509 2852 vadit
520 2791 708 2853 circumdata
717 2791 819 2867 turba,

77 2882 108 2939 30
165 2878 232 2939 Nec
244 2877 373 2957 digitum
385 2882 512 2954 angusta
523 2881 572 2936 est
582 2876 752 2935 inseruisse
764 2874 823 2950 via,

124 2963 190 3023 Nec
202 2981 280 3042 qnae
291 2965 355 3022 sint
363 2962 460 3021 facies
471 2978 530 3020 aec
542 2977 620 3038 quae
632 2960 695 3019 sint
704 2959 800 3019 rerba
810 2954 951 3036 rogandi,

166 3045 322 3111 Invenias:
344 3063 468 3104 caecam
480 3049 583 3103 vereat
594 3047 711 3103 amator
720 3043 793 3103 iter.

125 3127 216 3205 Quod
227 3131 254 3189 ai
263 3131 331 3189 iura
340 3128 427 3189 fores
437 3144 617 3207 pugnasque
628 3127 747 3186 imitata
756 3124 922 3208 Laconum,

166 3213 276 3273 Carior
286 3213 346 3271 hoc
359 3228 445 3272 esces
455 3216 491 3270 tu
500 3210 586 3287 mihi,
597 3208 703 3287 Roma,
714 3209 807 3271 bono.

74 3340 108 3435 i‘i
124 3339 326 3457 Siraganon
336 3376 419 3438 allos
429 3377 755 3437 iamnoriminamore
765 3371 924 3448 tumultur,
941 3332 995 3427 15

163 3462 230 3524 Nec
239 3463 343 3523 veniat
354 3463 421 3523 cine
431 3467 464 3522 te
478 3458 701 3538 nox-vigilanda
711 3459 802 3518 mihi:
