2220 3846
81 232 122 297 70
377 218 737 313 nxaornnnri

167 395 215 455 Sit
225 410 292 452 sors
303 395 338 450 et
346 387 437 448 nobis
446 384 581 446 talorum
592 386 767 463 interprete
777 385 872 463 iaetu,

207 477 304 553 Quem
316 464 458 552 gravibus
468 470 579 549 pennis
590 468 737 528 verberet
747 464 804 527 ille
814 487 905 548 puer.

168 561 245 621 (lum
255 559 353 618 fuerit
363 551 469 614 multis
480 558 587 612 exacta
597 552 765 611 trientibus
776 552 864 630 bora,
873 565 876 569 ·

113 653 149 707 30
207 643 314 702 Noctis
326 646 359 700 et
368 639 511 699 instituet
522 655 609 695 sacra
618 636 758 695 ministra
768 635 888 715 Venus,

167 727 277 787 Annua
288 723 439 784 solvamus
448 718 582 781 thalamo
596 717 757 779 sollemnia
768 723 888 799 nostro,

208 805 388 886 Natalisque
398 806 445 865 tui
456 805 500 864 sic
510 808 692 884 peragamus
702 804 775 863 iter.

100 937 154 1034 10
171 938 256 1042 lluid
266 973 391 1048 mirare,
402 989 501 1030 meam
512 971 538 1030 si
549 975 652 1030 versat
663 968 778 1028 femina
789 968 884 1028 vitam
984 936 1014 1029 lss

210 1059 252 1118 Et
263 1055 361 1116 trahit
373 1052 529 1114 addietum
539 1055 594 1114 sub
606 1071 660 1112 sua
670 1053 738 1111 iura
747 1052 856 1129 virum,

171 1141 369 1219 criminaque
383 1138 484 1216 ignavi
496 1138 604 1218 capitis
615 1136 691 1195 mihi
703 1135 806 1215 turpia
816 1135 919 1214 fingis,

212 1222 302 1300 Quod
312 1239 464 1302 nequeam
473 1221 573 1280 fracto
584 1237 730 1300 rumpere
741 1216 842 1290 vincla
850 1219 946 1298 iugo?

132 1306 342 1369 5Venturam
351 1303 462 1366 melius
472 1305 629 1384 praesagit
638 1303 739 1362 navita
749 1307 891 1381 mortem,
989 1318 1006 1335 ··

213 1389 401 1451 Vulneribus
412 1386 522 1446 didicit
531 1384 621 1446 miles
632 1386 749 1446 habere
760 1391 884 1448 metum.

43 1482 45 1489 '
171 1471 234 1531 Ista
244 1489 302 1549 ego
315 1471 487 1550 praeterita
496 1471 605 1535 iactavi
616 1469 711 1529 verba
719 1471 858 1529 iuventa:

16 3532 68 3624 ἱ

214 1554 264 1615 Tu
273 1573 355 1616 nuno
366 1551 506 1634 exemplo
519 1552 604 1613 disee
614 1553 727 1614 timere
737 1571 817 1613 meo.

126 1642 131 1648 ’
173 1636 299 1699 Colchis
310 1639 468 1717 flagrantis
480 1635 671 1696 adamantina
682 1638 738 1695 sub
750 1638 820 1715 iuga
829 1640 936 1695 tauros

120 1729 155 1783 10
213 1721 287 1800 Egit
298 1729 331 1781 et
342 1723 493 1800 armigera
525 1720 623 1781 roelia
633 1721 713 1780 sevit
722 1721 826 1798 humo,

174 1804 382 1884 custodisque
392 1806 478 1864 feros
491 1742 599 1865 clausit
612 1805 769 1884 serpentis
778 1804 892 1881 hiatus,

212 1888 277 1948 het
286 1893 322 1948 ut
331 1888 481 1949 Aesonias
495 1906 587 1947 aurea
597 1884 668 1947 lana
680 1886 796 1949 domos.

174 1971 257 2030 Ausa
267 1972 357 2032 ferox
368 1971 404 2031 ab
417 1990 497 2051 equo
510 1970 663 2051 quondam
673 1988 851 2052 oppugnare
862 1967 976 2049 sagittis

213 2055 348 2114 Maeotis
358 2055 494 2114 Danaum
504 2053 705 2115 Penthesilea
715 2062 817 2128 rates3

121 2143 155 2197 15
175 2137 278 2196 Arrrea
289 2138 339 2195 oui
349 2142 511 2215 postquam
521 2136 647 2198 nudavit
658 2128 776 2198 cassida
786 2137 934 2214 frontem,

214 2219 299 2280 Vicit
309 2220 458 2279 victorem
470 2218 600 2281 eandida
609 2221 709 2281 forma
718 2222 825 2282 virum.
867 2244 871 2251 ·

120 2374 128 2385 „
175 2300 326 2382 Omphale
336 2303 370 2363 in
380 2309 498 2364 tantum
508 2305 626 2366 formae
637 2303 792 2384 prooessit
800 2303 959 2378 honorem,

213 2385 312 2466 Lydia
322 2387 448 2467 Gygaeo
460 2389 558 2448 tincta
567 2387 673 2470 puella
682 2387 761 2466 lacu,

172 2467 226 2547 Ut,
238 2470 290 2549 qui
303 2478 410 2549 pacato
423 2473 582 2533 statuisset
591 2473 624 2531 in
636 2471 712 2531 orbe
724 2468 891 2548 columnas,

119 2559 154 2611 20
216 2553 294 2613 Tam
302 2553 382 2613 dura
392 2556 535 2615 traheret
545 2551 653 2615 mollia
664 2573 761 2634 pensa
771 2572 871 2614 manu.

173 2634 338 2696 Persarum
349 2639 456 2697 statuit
466 2636 626 2717 Babylona
637 2637 814 2698 Semiramis
824 2636 942 2711 urbem,

213 2720 258 2780 Ut
269 2717 402 2780 solidum
413 2726 501 2782 cocto
512 2718 645 2803 tolleret
654 2739 767 2800 aggere
779 2737 866 2800 opus,

170 2800 214 2862 Et
225 2801 284 2862 duo
295 2807 328 2863 in
340 2803 502 2867 adversum
512 2807 598 2864 missi
607 2823 666 2885 per
677 2804 799 2862 moenia
811 2819 920 2861 currus

212 2885 260 2941 Ne
270 2892 399 2962 possent
409 2892 492 2945 tacto
503 2885 706 2961 stringereab
718 2900 773 2941 axe
783 2880 878 2961 latus,

118 2972 152 3026 25
173 2965 267 3024 Duxit
277 2970 310 3024 et
318 2966 510 3042 Euphratem
520 2965 665 3042 medium,
677 2983 736 3042 qua
747 2961 889 3025 condidit
899 2980 989 3039 arces,

193 3097 198 3104 .
211 3047 303 3105 lussit
313 3052 347 3105 et
359 3048 491 3124 imperio
503 3046 637 3108 subdere
648 3048 761 3108 Baetra
773 3055 874 3127 eaput.

171 3126 334 3207 Numquid
346 3148 403 3209 ego
415 3130 538 3209 heroas,
551 3130 791 3213 quidraptemin
799 3128 1011 3192 oriminadivoa

211 3211 351 3289 luppiter
360 3213 488 3275 infamat
499 3234 595 3295 seque
606 3235 753 3296 suamque
765 3214 897 3276 domum.

171 3292 263 3371 Quid,
274 3294 365 3355 modo
378 3317 456 3376 quae
467 3301 583 3359 nostris
594 3301 762 3380 opprobria
771 3303 899 3359 vexerat
910 3296 1000 3358 armis

116 3381 153 3436 30
213 3375 256 3438 Et
265 3377 397 3439 famulos
406 3380 490 3440 inter
502 3378 617 3443 femina
627 3386 703 3444 trIta
713 3401 784 3443 suos

170 3459 317 3541 Coniugis
329 3464 455 3524 obsceni
465 3466 746 3546 pretiumRomana
755 3464 899 3545 poposcit
