2220 3846
292 200 313 262 ι
335 201 350 261 1
369 202 393 262 a
413 202 437 262 u
459 203 486 263 ιι
525 200 575 280 ιι,
599 213 649 283 ιι,
664 213 706 268 ιι.
952 206 992 271 ιιι

161 366 304 428 Libatum
314 368 448 430 fundens
458 370 491 429 iu
501 374 554 430 tua
565 388 652 430 sacra
662 389 788 433 merum.

119 450 207 510 Ilaec
218 468 351 529 egouon
359 451 468 512 humili
477 453 614 513 referam
624 455 821 516 memoranda
828 459 990 540 cothurno,

74 541 102 595 io
166 533 272 610 Qualis
284 534 450 596 Pindarico
463 537 591 615 spiritus
603 556 657 597 ore
668 544 764 599 tonat.
961 532 965 546 “

120 615 171 678 Tu
181 616 272 677 modo
284 620 410 678 servitio
421 638 548 679 vacuum
559 637 608 678 me
620 621 695 681 siste
707 623 842 702 superbo

160 701 263 779 Atque
274 702 335 760 hoc
346 700 513 762 sollicitum
523 703 612 762 vince
624 721 736 783 sopore
748 710 848 785 caput.

421 807 615 823 *P-

77 830 102 921 7
120 829 257 925 clausus
273 867 309 926 ab
321 866 465 926 umbroso
478 865 750 948 qualuditpoutus
759 871 894 952 Averno,
935 836 990 932 18

160 947 292 1008 Fumida
301 949 443 1009 Baiarum
455 956 562 1029 stagna
572 954 709 1031 tepentis
720 973 827 1032 aquae,

121 1032 189 1107 Qua
199 1032 281 1092 iacet
291 1038 325 1093 et
336 1032 450 1094 'l'roiac
461 1034 587 1094 tubicen
595 1034 736 1095 Misenus
748 1055 852 1116 arena,

159 1115 203 1175 Et
212 1121 302 1176 sonat
311 1116 468 1178 Herculeo
479 1123 597 1177 structa
607 1113 717 1179 labore
726 1120 785 1197 via,

84 1204 100 1257 5
119 1195 190 1275 Hic,
203 1199 267 1277 ubi,
280 1198 418 1260 mortalis
430 1199 539 1260 dextm
550 1220 619 1260 cum
631 1207 799 1278 quaereret
808 1203 912 1282 urbes,

159 1281 307 1360 Cymbala
319 1282 469 1344 Thebano
481 1301 693 1363 concrepuere
704 1283 775 1363 deo,

119 1364 163 1424 At
171 1383 252 1427 nuuc
262 1367 378 1427 invisae
389 1385 498 1446 magno
509 1387 579 1428 cum
589 1369 718 1429 crimine
728 1368 832 1447 Baiae,

161 1450 237 1525 Quis
249 1449 325 1511 deus
334 1451 368 1509 iu
378 1457 481 1511 vestm
492 1453 632 1512 constitit
640 1453 740 1513 hostis
751 1451 852 1530 aqua?

118 1529 177 1590 His
187 1551 313 1610 pressus
324 1533 446 1610 Stygias
456 1534 573 1594 vultum
583 1534 708 1594 demisit
718 1537 752 1594 iu
761 1533 870 1612 undas,
974 1586 977 1591 .

74 1617 101 1672 lo
157 1615 253 1673 Errat
263 1619 297 1670 et
307 1615 340 1671 iu
348 1621 452 1673 vestro
464 1617 591 1693 spiritu
601 1615 657 1675 ille
666 1615 746 1674 lacu.

117 1692 203 1772 Quid
213 1712 309 1771 genus
320 1700 372 1754 out
382 1696 479 1755 virtus
491 1703 544 1755 aut
555 1698 670 1775 optima
680 1697 799 1777 profuit
809 1695 858 1757 illi

97 1780 110 1796 ““
160 1778 276 1856 Mater,
287 1785 322 1838 et
331 1775 504 1858 amplexum
514 1780 656 1840 Caesaris
668 1798 738 1840 esse
749 1780 861 1840 focos?

117 1863 181 1922 Aut
191 1860 283 1921 modo
294 1868 357 1922 tam
366 1859 461 1943 pleno
471 1863 623 1923 fluitantia
632 1861 703 1923 vela
712 1865 836 1924 theatro

158 1945 201 2008 Et
210 1963 269 2024 per
279 1951 434 2006 maternas
446 1947 547 2006 omnia
558 1952 648 2025 gesta
658 1947 789 2007 manus?

74 2031 102 2086 1⁵
121 2028 254 2106 Occidit,
267 2035 301 2089 et
310 2030 424 2089 misero
435 2034 569 2089 steterat
577 2032 740 2109 vigesimus
752 2049 864 2089 annus:

160 2110 225 2171 Tot
234 2114 315 2171 bona
328 2118 391 2172 tam
401 2132 495 2193 parvo
507 2112 617 2173 clausit
626 2114 659 2173 iu
672 2113 748 2174 orbe
760 2111 837 2174 dies.
905 2159 907 2162 <

119 2195 233 2271 launo,
243 2193 322 2256 tolle
333 2198 450 2257 animos
462 2202 495 2256 et
505 2203 609 2258 tecum
619 2198 702 2275 finge
713 2195 898 2275 triumphos,

157 2277 870 2361 Stantiaqueinplausumtotatheatraiuveut,

118 2358 270 2422 Attalicas
281 2380 393 2442 supera
403 2369 516 2440 vestes,
528 2370 620 2442 atque
633 2364 735 2422 omnia
744 2362 861 2439 maguis

74 2445 102 2504 lo
159 2443 308 2506 Gemmas
318 2446 381 2506 sint
389 2444 488 2506 ludica
510 2447 702 2524 ignibusista
713 2445 809 2506 dabis.

118 2527 182 2590 Sed
197 2535 302 2589 tamen
317 2530 377 2590 liuc
389 2548 506 2608 omues,
516 2531 578 2590 huc
585 2531 704 2609 primus
715 2535 748 2588 et
758 2527 884 2589 ultimus
896 2526 988 2590 ordo:

156 2613 216 2672 Est
225 2609 314 2690 mala,
325 2608 390 2672 sed
392 2614 512 2673 cunctis
522 2615 583 2673 ista
592 2613 725 2674 terenda
734 2613 783 2672 via
794 2619 850 2673 ast.

115 2694 280 2756 Exoranda
290 2696 374 2755 canis
383 2696 446 2755 tria
455 2703 528 2756 sunt
536 2695 681 2756 latrantia
692 2694 784 2774 colla,

158 2777 341 2840 Scandenda
351 2784 402 2839 est
411 2780 492 2839 torvi
500 2777 626 2858 publica
636 2781 744 2859 cymba
754 2779 848 2840 senis.
861 2819 864 2828 =

74 2863 98 2921 it
118 2859 178 2923 llle
188 2861 265 2923 lieet
275 2863 362 2923 ierro
374 2869 481 2923 cautus
491 2881 526 2922 se
538 2862 650 2923 condat
661 2869 788 2940 atcere,

155 2946 244 3007 Mors
254 2951 358 3007 tamen
367 2944 521 3007 inclusum
531 2949 688 3026 protrahit
697 2946 772 3007 inde
786 2951 884 3027 ceput.

114 3027 210 3091 Nirea
219 3049 282 3090 uon
291 3031 399 3109 facies,
413 3050 476 3091 uon
486 3031 532 3092 vis
544 3032 658 3091 exemit
667 3028 835 3106 Achillem,

157 3107 308 3175 croesum
319 3120 382 3192 aut,
392 3111 514 3175 Pactoli
526 3133 600 3193 quas
610 3115 694 3194 parit
705 3114 826 3189 humor,
838 3116 933 3192 opes.'

114 3197 175 3258 Hic
187 3195 261 3257 olim
270 3198 394 3275 ignaros
404 3197 505 3257 luctus
515 3196 674 3278 populavit
683 3196 829 3274 Achivos,

74 3280 97 3340 it
155 3280 286 3341 Atridae
297 3299 407 3360 magno
419 3300 487 3340 cum
497 3283 585 3341 stetit
596 3277 677 3340 alter
689 3299 783 3340 amor.

113 3365 157 3425 At
167 3365 236 3443 tibi,
247 3371 349 3442 nauta,
360 3365 426 3444 pias
437 3366 594 3425 homiuum
605 3366 658 3445 qui
673 3365 779 3424 troicis
789 3363 922 3436 umbras,

154 3448 226 3510 Huc
237 3449 355 3510 animae
367 3453 495 3529 portent
506 3467 617 3528 corpus
627 3450 719 3509 inane
729 3454 812 3523 tuae,
