2220 3846
337 212 531 276 uluuu
571 214 704 293 uas.
865 279 868 285 ,
941 215 1008 281 105

128 377 353 459 Indixitlege's:
376 380 524 461 respondi
536 399 593 459 ego
606 377 738 458 ‘legibus
748 385 839 442 utar!

171 465 297 525 Riserat
306 466 437 543 irnperio
449 465 531 525 facta
541 466 674 544 superba
686 463 767 525 dato.

125 550 208 610 Dein
220 566 441 628 quemeumque
450 546 554 608 locum
561 555 708 608 externae
719 548 854 626 tetigere
865 546 1006 630 puellae,

170 632 275 697 Suffiit
286 638 319 691 et
328 651 407 712 pura
416 630 524 691 limina
534 633 630 709 tergit
642 651 730 710 aqua,

73 727 108 781 85
130 717 264 797 Imperat
276 722 309 775 et
318 721 399 776 totas
410 717 524 775 iterum
534 721 653 775 mutare
663 714 818 795 lucernas,

171 799 298 878 Terque
310 817 411 859 meum
421 799 526 879 tetigit
538 798 664 858 sulfuris
674 801 746 877 igue
759 800 859 879 eaput.

28 928 48 935 -.
128 884 233 962 Atque
245 884 290 942 ita
300 890 417 943 mutate
427 881 485 961 per
497 881 615 962 singula
627 881 723 964 pallia
733 882 816 944 lecte
932 932 937 938 .

168 965 338 1046 Despondi,
349 973 383 1026 et
391 972 458 1026 tote
470 965 615 1026 solvimus
627 988 710 1027 arma
719 973 800 1028 turo.

84 1095 425 1213 iiiimphitryouiades
436 1147 496 1212 qua
505 1139 692 1213 tempestate
703 1134 849 1192 iuvencos
878 1209 880 1214 ,

169 1218 286 1295 Egerat
298 1237 315 1275 a
326 1217 466 1295 stabulis,
479 1237 497 1277 u
508 1218 658 1296 Erythea,
670 1217 743 1294 tuis,

127 1300 223 1362 Venit
234 1299 273 1360 ad
284 1300 576 1381 invictespeeoresa
585 1299 704 1361 Palatia
714 1304 846 1378 montes,

168 1385 210 1444 Et
219 1385 327 1444 statuit
337 1385 437 1445 fessos
448 1386 549 1446 fessus
561 1392 594 1446 et
605 1387 673 1466 ipse
684 1386 789 1462 boves,

89 1475 106 1527 5
129 1468 195 1544 Qua
206 1467 340 1530 Velabra
350 1488 404 1529 sue
416 1471 599 1549 stagnabant
608 1471 746 1546 flumine,
758 1485 879 1547 quaque

168 1550 266 1609 Nauia
276 1569 335 1627 per
345 1555 478 1611 urbanas
488 1552 662 1612 velificabat
673 1569 776 1627 aquas.

128 1630 194 1690 Sed
204 1649 267 1689 non
277 1631 373 1689 infido
382 1640 563 1692 manserunt
572 1633 696 1709 hospite
709 1632 790 1690 Caco

167 1712 354 1774 Incolumes:
375 1714 460 1773 furtu
471 1713 585 1793 polluit
596 1710 653 1773 ille
663 1713 775 1774 levem.
849 1755 852 1758 -

124 1796 228 1857 Incola
238 1799 336 1857 Cacus
348 1803 426 1874 erat,
437 1796 604 1857 metuendo
615 1803 723 1877 raptor
734 1797 771 1855 ab
784 1803 885 1876 autre,

73 1892 108 1945 10
168 1881 232 1940 Per
242 1882 304 1940 tria
314 1882 445 1960 partitos
457 1883 510 1960 qui
522 1881 614 1942 dabat
624 1901 678 1940 ora
687 1880 783 1942 focos.

125 1965 196 2041 Hie,
209 1983 248 2024 ne
261 1971 348 2024 certa
357 1966 464 2025 forent
475 1966 657 2044 manifestae
668 1967 755 2042 signa
766 1963 907 2042 rapinae,

168 2050 303 2107 Aversos
315 2047 410 2107 cauda
420 2050 516 2108 traxit
527 2050 559 2108 iu
572 2055 660 2108 antra
669 2051 775 2126 beves,

125 2133 190 2191 Nee
203 2134 270 2191 siue
281 2138 363 2191 teste
373 2130 453 2191 aleo:
474 2132 576 2192 furem
588 2151 721 2192 sonuere
731 2131 864 2209 iuvenci,

165 2216 257 2276 Furia
269 2222 302 2275 et
313 2215 483 2295 inplacidas
494 2215 592 2276 diruit
601 2218 649 2275 ira
658 2216 753 2278 feres.

73 2307 107 2360 15
127 2299 283 2360 Maenalio
294 2301 389 2360 iacuit
399 2299 505 2380 pulsus
517 2301 578 2360 tria
588 2305 729 2378 tempora
739 2319 824 2358 rame

166 2385 275 2461 Gneus,
286 2389 320 2442 et
330 2382 458 2443 Alcides
470 2383 515 2442 ric
527 2384 585 2442 ait:
607 2384 663 2442 ‘ite
674 2384 779 2459 boves,

125 2465 272 2527 Herculis
282 2469 327 2527 ite
338 2469 443 2546 beves,
454 2475 580 2527 uestrae
590 2465 679 2527 labor
689 2465 799 2527 ultime
811 2463 928 2543 clavae,

165 2551 218 2610 Bis
229 2552 306 2611 mihi
317 2553 486 2630 quaesitae,
501 2553 549 2612 bis
560 2570 629 2612 mea
638 2549 764 2630 praeda,
776 2551 880 2626 borea,

124 2633 268 2712 Arvaque
278 2637 397 2713 mugitu
408 2637 525 2696 sancite
537 2637 644 2695 boaria
654 2634 763 2712 longo:

69 2725 106 2778 20
168 2716 281 2792 Nobile
295 2720 358 2778 erit
367 2719 484 2780 Romae
493 2738 606 2799 pascua
616 2724 720 2778 vestra
730 2717 856 2775 ferum?

123 2799 262 2878 Dixerat,
273 2808 308 2860 et
318 2802 400 2862 sieeo
412 2808 514 2864 terret
525 2803 593 2862 sitis
605 2822 659 2861 ora
668 2799 781 2881 palato,

168 2884 331 2964 Terraque
346 2876 409 2946 nen
420 2887 497 2948 ullas
508 2888 574 2947 feta
584 2886 739 2945 ministrat
749 2899 852 2960 aquas.

112 2964 190 3026 Sea
199 2968 309 3047 procul
319 2969 456 3032 inclusas
467 2971 552 3031 audit
562 2969 669 3029 ridere
679 2965 810 3049 puellas.

165 3050 266 3112 Lueus
282 3055 319 3112 ab
329 3057 475 3115 umbrosa
485 3054 694 3115 feceraterbe
705 3069 824 3126 nemus,

68 3141 104 3194 25
125 3133 292 3195 Femineae
302 3134 374 3197 loea
385 3136 486 3197 clausa
497 3137 573 3198 deae
585 3138 751 3213 fontesque
761 3129 902 3214 piandos,

164 3219 281 3300 Inpuue
293 3225 327 3280 et
336 3219 429 3280 nullis
441 3241 527 3282 sacra
539 3226 660 3280 retecta
670 3220 754 3280 viris.

123 3301 219 3363 Devia
231 3305 383 3384 puniceae
393 3303 537 3364 velabant
548 3304 655 3365 limina
664 3304 771 3379 vittae,

164 3386 270 3448 Putris
281 3387 410 3448 odorato
420 3387 543 3449 luxerat
553 3390 625 3467 igne
638 3406 717 3463 casa,

84 3494 88 3500 ·
123 3469 260 3551 Populus
271 3478 305 3532 et
315 3470 417 3552 longis
429 3473 558 3533 ornabat
567 3470 730 3533 frondibus
742 3460 861 3539 aedem,
