2220 3846
296 182 522 246 ιιιιιιιι
564 183 735 264 1‚1‚2‚a
991 184 1012 248 3

138 353 237 413 Unica
249 370 309 411 nec
321 350 402 411 desit
412 349 553 415 ineundis
565 352 664 430 gratia
673 352 786 429 verbis,

82 445 117 498 30
178 435 288 495 Omnia
306 453 445 515 quaeque
457 435 563 497 Venus
577 452 717 515 quaeque
728 435 870 496 Minerva
886 437 1009 517 probat.

137 520 195 578 His
206 525 240 578 tu
250 537 374 599 semper
385 520 448 591 eris
459 527 585 580 nostrae
598 520 771 598 gratissima
779 520 872 600 uitae,

145 614 150 619 ’
179 600 296 662 Taedia
308 603 380 662 dum
390 603 524 662 miserae
536 605 598 662 sint
608 604 666 663 tihi
677 601 826 664 luxuriae.

96 734 119 824 3
138 733 247 837 lluclis
259 769 385 827 Thesea
395 768 489 827 iacuit
500 766 633 827 cedente
645 770 749 828 carina

177 850 337 929 Languida
348 851 482 911 desertis
492 851 605 911 Cnosia
615 850 771 929 litoribus,

139 933 245 1010 Qualis
257 941 290 995 et
301 936 442 996 accubuit
452 936 552 1015 primo
565 935 703 1016 Cepheia
714 955 820 997 somno

177 1018 291 1080 Libera
301 1020 362 1079 iam
373 1017 459 1078 duris
471 1020 591 1078 cotibus
604 1017 815 1096 Andromede,

100 1113 116 1161 a
138 1101 203 1162 Nec
215 1105 313 1163 minus
327 1102 458 1163 assiduis
468 1101 587 1162 Edonis
597 1103 681 1162 fessa
692 1103 816 1162 choreis

179 1186 285 1261 Qualis
296 1189 329 1246 in
338 1187 474 1246 herboso
487 1185 623 1247 concidit
633 1184 786 1265 Apidano,

138 1267 226 1328 Talis
236 1271 301 1329 visa
311 1271 387 1330 mihi
398 1267 524 1330 mollem
535 1270 655 1350 spirare
668 1270 803 1348 quietem

179 1353 311 1432 Cynthia
322 1373 385 1413 non
396 1356 491 1413 certis
501 1355 572 1414 riixa
583 1363 674 1434 caput
683 1355 834 1430 manibus,

135 1437 232 1496 Ebria
244 1456 312 1497 cum
323 1436 420 1497 multo
431 1440 590 1498 traherem
601 1437 864 1516 vestigiaBaccho
950 1490 954 1501 .

86 1529 119 1581 10
178 1520 220 1580 Et
230 1527 397 1600 quaterent
407 1540 478 1582 sera
488 1527 580 1582 nocte
592 1521 693 1580 facem
703 1518 803 1600 pueri

137 1603 225 1662 Hanc
238 1623 306 1680 ego,
320 1604 456 1663 nondum
468 1606 561 1663 etiam
575 1622 683 1662 sensus
695 1601 877 1681 deperditus
892 1619 1009 1680 omnes,

177 1683 321 1745 Molliter
331 1689 474 1765 inpresso
487 1704 582 1744 conor
594 1683 680 1743 adire
692 1691 779 1758 toro;

136 1769 179 1828 Et
166 1769 327 1846 tquamvis
339 1767 456 1848 duplici
467 1773 644 1847 correptum
656 1764 768 1828 ardore
783 1768 929 1828 iuberent

177 1853 245 1911 Hac
256 1852 352 1911 Amor
363 1852 421 1911 hac
431 1851 538 1929 Liber,
549 1851 643 1910 durus
653 1857 787 1929 uterque
800 1834 886 1929 aleus,
969 1894 973 1903 .

86 1945 117 1997 15
139 1935 285 1996 Subiecta
297 1935 410 1995 leviter
421 1937 552 2015 positam
563 1940 716 2014 temptare
727 1932 846 1994 lacerto

176 2018 349 2099 Osculaque
362 2020 484 2079 admota
494 2036 617 2079 sumere
629 2024 663 2079 et
675 2039 758 2078 arma
768 2037 869 2096 manu,

136 2101 205 2163 Non
215 2110 318 2163 tamen
329 2124 418 2163 ausus
431 2123 514 2164 eram
527 2101 668 2162 dominae
680 2104 806 2163 turbare
820 2101 967 2180 quietem,

174 2187 331 2266 Expertae
342 2193 483 2247 metuens
494 2187 594 2264 iurgia
605 2187 761 2263 saevitiae,

137 2269 200 2328 Sed
211 2272 256 2328 sic
266 2272 396 2330 intentis
406 2271 573 2329 haerebam
583 2271 660 2328 fixus
673 2267 792 2346 ocellis,

81 2363 117 2414 20
179 2353 280 2428 Argus
292 2358 328 2410 ut
337 2352 451 2428 ignotis
464 2353 608 2410 cornibus
618 2351 791 2411 Inachidos.

137 2437 180 2497 Et
191 2433 282 2494 modo
295 2433 450 2495 solvebam
461 2439 568 2493 nostra
579 2432 619 2493 de
630 2433 735 2492 fronte
747 2431 878 2493 corollas

177 2519 395 2598 Ponebamque
406 2519 479 2596 tuis,
491 2518 635 2596 Cynthia,
652 2517 856 2597 temporibus,

134 2603 177 2661 Et
187 2600 278 2662 modo
291 2602 460 2679 gaudebam
470 2600 573 2680 lapsos
584 2601 720 2660 formare
733 2597 872 2680 capillos,

176 2685 264 2745 Nunc
275 2687 389 2744 furtiva
401 2687 481 2743 cavis
491 2703 582 2763 poma
593 2683 702 2742 dabam
712 2682 862 2759 manibus,

80 2779 114 2830 25
137 2770 308 2847 Omniaque
320 2770 442 2846 ingrato
452 2766 588 2844 largibar
598 2784 728 2825 munera
739 2783 856 2842 somno,

176 2852 310 2912 Munera
321 2852 360 2911 de
372 2870 471 2932 prono
484 2868 577 2930 saepe
587 2847 693 2909 voluta
704 2850 790 2923 sinu3

134 2937 177 2996 Et
188 2937 330 3015 quotiens
340 2956 412 2995 raro
425 2934 511 2997 duxti
523 2935 655 3014 suspiria
665 2939 762 3011 motu,

178 3019 331 3099 Obstupui
341 3040 416 3079 vano
429 3016 573 3078 credulus
585 3018 733 3097 auspicio,

136 3102 183 3163 Ne
195 3123 254 3182 qua
265 3104 324 3164 tibi
332 3105 474 3164 insolitos
485 3106 650 3181 portarent
659 3101 725 3160 visa
734 3099 874 3176 timores,

81 3198 117 3250 30
178 3187 263 3247 Neve
277 3187 344 3264 quis
355 3188 479 3247 inritam
491 3189 619 3262 cogeret
631 3201 700 3242 esse
714 3201 814 3242 suam·

135 3272 241 3331 Donec
254 3269 392 3330 diversas
402 3286 590 3350 percurrens
600 3265 674 3326 luna
683 3260 890 3342 fenestras,'

176 3353 263 3415 Luna
273 3355 437 3415 moraturis
448 3349 556 3412 sedula
565 3350 743 3425 luminibus,

127 3440 332 3525 Compositos
342 3438 461 3539 levibus
471 3428 568 3498 radiis
578 3433 729 3515 patefecit
740 3426 866 3568 ocpllos
