<?xml version="1.0" encoding="UTF-8"?>
<!DOCTYPE html PUBLIC "-//W3C//DTD XHTML 1.0 Transitional//EN"
    "http://www.w3.org/TR/xhtml1/DTD/xhtml1-transitional.dtd">
<html xmlns="http://www.w3.org/1999/xhtml" xml:lang="en" lang="en">
 <head>
  <title>
</title>
<meta http-equiv="Content-Type" content="text/html;charset=utf-8" />
  <meta name='ocr-system' content='tesseract 3.04.00' />
  <meta name='ocr-capabilities' content='ocr_page ocr_carea ocr_par ocr_line ocrx_word'/>
</head>
<body>
  <div class='ocr_page' id='page_1' title='image "./elegiae00propgoog_0094.png"; bbox 0 0 2220 3846; ppageno 0'>
   <div class='ocr_carea' id='block_1_1' title="bbox 280 181 988 269">
    <p class='ocr_par' dir='ltr' id='par_1_1' title="bbox 280 181 988 269">
     <span class='ocr_line' id='line_1_1' title="bbox 280 181 988 269; baseline 0.014 -23"><span class='ocrx_word' id='word_1_1' title='bbox 280 181 473 263; x_wconf 68' lang='lat' dir='ltr'>LIBER</span> <span class='ocrx_word' id='word_1_2' title='bbox 511 184 760 269; x_wconf 61' lang='lat' dir='ltr'><strong>mearam.</strong></span> <span class='ocrx_word' id='word_1_3' title='bbox 827 193 831 253; x_wconf 82' lang='grc' dir='ltr'>ζ</span> <span class='ocrx_word' id='word_1_4' title='bbox 923 191 988 256; x_wconf 55' lang='lat'><strong>«83</strong></span> 
     </span>
    </p>
   </div>
   <div class='ocr_carea' id='block_1_2' title="bbox 39 347 982 2684">
    <p class='ocr_par' dir='ltr' id='par_1_2' title="bbox 39 347 982 2684">
     <span class='ocr_line' id='line_1_2' title="bbox 60 347 827 435; baseline -0.001 -19"><span class='ocrx_word' id='word_1_5' title='bbox 60 360 93 416; x_wconf 80' lang='lat'><strong>1⁵</strong></span> <span class='ocrx_word' id='word_1_6' title='bbox 115 353 158 417; x_wconf 74' lang='lat' dir='ltr'><strong>Et</strong></span> <span class='ocrx_word' id='word_1_7' title='bbox 169 353 222 430; x_wconf 88' lang='lat' dir='ltr'><strong>sis,</strong></span> <span class='ocrx_word' id='word_1_8' title='bbox 235 372 294 432; x_wconf 86' lang='lat' dir='ltr'><strong>qua</strong></span> <span class='ocrx_word' id='word_1_9' title='bbox 305 352 435 432; x_wconf 83' lang='lat' dir='ltr'><strong>Ortygie</strong></span> <span class='ocrx_word' id='word_1_10' title='bbox 446 347 575 413; x_wconf 75' lang='lat' dir='ltr'><strong>visenda</strong></span> <span class='ocrx_word' id='word_1_11' title='bbox 584 358 618 413; x_wconf 92' lang='lat' dir='ltr'><strong>et</strong></span> <span class='ocrx_word' id='word_1_12' title='bbox 628 371 683 413; x_wconf 86' lang='lat' dir='ltr'><strong>ora</strong></span> <span class='ocrx_word' id='word_1_13' title='bbox 694 353 827 435; x_wconf 79' lang='lat' dir='ltr'><strong>Caystri,</strong></span> 
     </span>
     <span class='ocr_line' id='line_1_3' title="bbox 155 436 773 516; baseline 0 -20"><span class='ocrx_word' id='word_1_14' title='bbox 155 436 197 496; x_wconf 82' lang='lat' dir='ltr'><strong>Et</strong></span> <span class='ocrx_word' id='word_1_15' title='bbox 209 456 268 515; x_wconf 88' lang='lat' dir='ltr'><strong>qua</strong></span> <span class='ocrx_word' id='word_1_16' title='bbox 279 442 422 516; x_wconf 82' lang='lat' dir='ltr'><strong>septenas</strong></span> <span class='ocrx_word' id='word_1_17' title='bbox 435 442 589 516; x_wconf 78' lang='lat' dir='ltr'><strong>temperat</strong></span> <span class='ocrx_word' id='word_1_18' title='bbox 600 436 682 496; x_wconf 89' lang='lat' dir='ltr'><strong>unda</strong></span> <span class='ocrx_word' id='word_1_19' title='bbox 692 438 773 512; x_wconf 78' lang='lat' dir='ltr'><strong>viaa3</strong></span> 
     </span>
     <span class='ocr_line' id='line_1_4' title="bbox 115 518 804 582; baseline 0.006 -4"><span class='ocrx_word' id='word_1_20' title='bbox 115 519 224 579; x_wconf 86' lang='lat' dir='ltr'><strong>Omnia</strong></span> <span class='ocrx_word' id='word_1_21' title='bbox 233 520 386 580; x_wconf 89' lang='lat' dir='ltr'><strong>Romanae</strong></span> <span class='ocrx_word' id='word_1_22' title='bbox 398 519 512 580; x_wconf 89' lang='lat' dir='ltr'><strong>cedent</strong></span> <span class='ocrx_word' id='word_1_23' title='bbox 523 518 672 581; x_wconf 87' lang='lat' dir='ltr'><strong>miracula</strong></span> <span class='ocrx_word' id='word_1_24' title='bbox 682 527 804 582; x_wconf 68' lang='lat' dir='ltr'><strong>terraer</strong></span> 
     </span>
     <span class='ocr_line' id='line_1_5' title="bbox 153 601 822 683; baseline 0.006 -21"><span class='ocrx_word' id='word_1_25' title='bbox 153 601 270 662; x_wconf 87' lang='lat' dir='ltr'><strong>Natura</strong></span> <span class='ocrx_word' id='word_1_26' title='bbox 280 604 331 662; x_wconf 88' lang='lat' dir='ltr'><strong>hic</strong></span> <span class='ocrx_word' id='word_1_27' title='bbox 342 605 456 683; x_wconf 84' lang='lat' dir='ltr'><strong>posuit,</strong></span> <span class='ocrx_word' id='word_1_28' title='bbox 470 602 617 682; x_wconf 89' lang='lat' dir='ltr'><strong>quicquid</strong></span> <span class='ocrx_word' id='word_1_29' title='bbox 627 605 742 681; x_wconf 88' lang='lat' dir='ltr'><strong>ubique</strong></span> <span class='ocrx_word' id='word_1_30' title='bbox 752 604 822 666; x_wconf 83' lang='lat' dir='ltr'><strong>fuit.</strong></span> 
     </span>
     <span class='ocr_line' id='line_1_6' title="bbox 113 684 917 767; baseline 0.006 -21"><span class='ocrx_word' id='word_1_31' title='bbox 113 687 216 762; x_wconf 84' lang='lat' dir='ltr'><strong>Armis</strong></span> <span class='ocrx_word' id='word_1_32' title='bbox 228 693 298 767; x_wconf 87' lang='lat' dir='ltr'><strong>apta</strong></span> <span class='ocrx_word' id='word_1_33' title='bbox 308 688 404 764; x_wconf 82' lang='lat' dir='ltr'><strong>magis</strong></span> <span class='ocrx_word' id='word_1_34' title='bbox 415 684 522 763; x_wconf 87' lang='lat' dir='ltr'><strong>tellus,</strong></span> <span class='ocrx_word' id='word_1_35' title='bbox 535 706 625 765; x_wconf 87' lang='lat' dir='ltr'><strong>quam</strong></span> <span class='ocrx_word' id='word_1_36' title='bbox 636 687 794 748; x_wconf 88' lang='lat' dir='ltr'><strong>commoda</strong></span> <span class='ocrx_word' id='word_1_37' title='bbox 804 708 917 751; x_wconf 76' lang='lat' dir='ltr'><strong>noxaez</strong></span> 
     </span>
     <span class='ocr_line' id='line_1_7' title="bbox 39 769 843 851; baseline 0.004 -19"><span class='ocrx_word' id='word_1_38' title='bbox 39 793 43 799; x_wconf 91' lang='lat'>·</span> <span class='ocrx_word' id='word_1_39' title='bbox 57 777 94 832; x_wconf 70' lang='grc'><strong>20</strong></span> <span class='ocrx_word' id='word_1_40' title='bbox 155 770 290 846; x_wconf 82' lang='lat' dir='ltr'><strong>Famam,</strong></span> <span class='ocrx_word' id='word_1_41' title='bbox 302 770 409 846; x_wconf 87' lang='lat' dir='ltr'><strong>Roma,</strong></span> <span class='ocrx_word' id='word_1_42' title='bbox 419 773 491 829; x_wconf 79' lang='lat' dir='ltr'><strong>tuae</strong></span> <span class='ocrx_word' id='word_1_43' title='bbox 502 788 565 829; x_wconf 89' lang='lat' dir='ltr'><strong>uon</strong></span> <span class='ocrx_word' id='word_1_44' title='bbox 575 769 673 851; x_wconf 86' lang='lat' dir='ltr'><strong>pudet</strong></span> <span class='ocrx_word' id='word_1_45' title='bbox 682 772 843 835; x_wconf 72' lang='lat' dir='ltr'><strong>historiae.</strong></span> 
     </span>
     <span class='ocr_line' id='line_1_8' title="bbox 111 851 869 936; baseline 0.007 -24"><span class='ocrx_word' id='word_1_46' title='bbox 111 851 189 912; x_wconf 90' lang='lat' dir='ltr'><strong>Nam</strong></span> <span class='ocrx_word' id='word_1_47' title='bbox 201 858 348 930; x_wconf 86' lang='lat' dir='ltr'><strong>quantum</strong></span> <span class='ocrx_word' id='word_1_48' title='bbox 357 853 455 930; x_wconf 86' lang='lat' dir='ltr'><strong>ierro,</strong></span> <span class='ocrx_word' id='word_1_49' title='bbox 465 859 584 912; x_wconf 84' lang='lat' dir='ltr'><strong>tantum</strong></span> <span class='ocrx_word' id='word_1_50' title='bbox 594 855 711 934; x_wconf 91' lang='lat' dir='ltr'><strong>pietate</strong></span> <span class='ocrx_word' id='word_1_51' title='bbox 721 862 869 936; x_wconf 89' lang='lat' dir='ltr'><strong>potentes</strong></span> 
     </span>
     <span class='ocr_line' id='line_1_9' title="bbox 152 936 801 1016; baseline 0.008 -22"><span class='ocrx_word' id='word_1_52' title='bbox 152 936 289 996; x_wconf 80' lang='lat' dir='ltr'><strong>Stemus:</strong></span> <span class='ocrx_word' id='word_1_53' title='bbox 311 937 454 996; x_wconf 80' lang='lat' dir='ltr'><strong>victrices</strong></span> <span class='ocrx_word' id='word_1_54' title='bbox 464 943 618 1016; x_wconf 81' lang='lat' dir='ltr'><strong>temperat</strong></span> <span class='ocrx_word' id='word_1_55' title='bbox 628 940 675 998; x_wconf 89' lang='lat' dir='ltr'><strong>ira</strong></span> <span class='ocrx_word' id='word_1_56' title='bbox 685 959 801 1001; x_wconf 90' lang='lat' dir='ltr'><strong>manus.</strong></span> 
     </span>
     <span class='ocr_line' id='line_1_10' title="bbox 109 1019 872 1096; baseline 0.003 -16"><span class='ocrx_word' id='word_1_57' title='bbox 109 1019 171 1080; x_wconf 89' lang='lat' dir='ltr'><strong>Hic</strong></span> <span class='ocrx_word' id='word_1_58' title='bbox 182 1020 262 1078; x_wconf 78' lang='lat' dir='ltr'><strong>Anio</strong></span> <span class='ocrx_word' id='word_1_59' title='bbox 275 1019 414 1079; x_wconf 86' lang='lat' dir='ltr'><strong>Tiburne</strong></span> <span class='ocrx_word' id='word_1_60' title='bbox 426 1022 507 1096; x_wconf 89' lang='lat' dir='ltr'><strong>fluis,</strong></span> <span class='ocrx_word' id='word_1_61' title='bbox 520 1020 694 1081; x_wconf 79' lang='lat' dir='ltr'><strong>Clitumnus</strong></span> <span class='ocrx_word' id='word_1_62' title='bbox 706 1024 743 1083; x_wconf 89' lang='lat' dir='ltr'><strong>ab</strong></span> <span class='ocrx_word' id='word_1_63' title='bbox 753 1023 872 1084; x_wconf 91' lang='lat' dir='ltr'><strong>Umbro</strong></span> 
     </span>
     <span class='ocr_line' id='line_1_11' title="bbox 111 1102 891 1185; baseline 0.009 -27"><span class='ocrx_word' id='word_1_64' title='bbox 111 1154 114 1158; x_wconf 79' lang='grc'><strong><em>,</em></strong></span> <span class='ocrx_word' id='word_1_65' title='bbox 152 1102 302 1181; x_wconf 79' lang='lat' dir='ltr'><strong>Tramite,</strong></span> <span class='ocrx_word' id='word_1_66' title='bbox 314 1110 347 1164; x_wconf 90' lang='lat' dir='ltr'><strong>et</strong></span> <span class='ocrx_word' id='word_1_67' title='bbox 358 1110 519 1164; x_wconf 87' lang='lat' dir='ltr'><strong>aeternum</strong></span> <span class='ocrx_word' id='word_1_68' title='bbox 532 1104 669 1165; x_wconf 89' lang='lat' dir='ltr'><strong>Marcius</strong></span> <span class='ocrx_word' id='word_1_69' title='bbox 680 1105 792 1164; x_wconf 90' lang='lat' dir='ltr'><strong>humor</strong></span> <span class='ocrx_word' id='word_1_70' title='bbox 803 1125 891 1185; x_wconf 86' lang='lat' dir='ltr'><strong>opus,</strong></span> 
     </span>
     <span class='ocr_line' id='line_1_12' title="bbox 56 1184 848 1267; baseline -0.003 -18"><span class='ocrx_word' id='word_1_71' title='bbox 56 1195 92 1249; x_wconf 72' lang='lat'><strong>25</strong></span> <span class='ocrx_word' id='word_1_72' title='bbox 113 1184 252 1247; x_wconf 79' lang='lat' dir='ltr'><strong>Albanus</strong></span> <span class='ocrx_word' id='word_1_73' title='bbox 262 1187 346 1247; x_wconf 87' lang='lat' dir='ltr'><strong>lacus</strong></span> <span class='ocrx_word' id='word_1_74' title='bbox 359 1194 392 1246; x_wconf 90' lang='lat' dir='ltr'><strong>et</strong></span> <span class='ocrx_word' id='word_1_75' title='bbox 402 1189 485 1246; x_wconf 80' lang='lat' dir='ltr'><strong>rocio</strong></span> <span class='ocrx_word' id='word_1_76' title='bbox 496 1187 695 1248; x_wconf 72' lang='lat' dir='ltr'><strong>Nemorensis</strong></span> <span class='ocrx_word' id='word_1_77' title='bbox 707 1190 744 1248; x_wconf 87' lang='lat' dir='ltr'><strong>ab</strong></span> <span class='ocrx_word' id='word_1_78' title='bbox 756 1186 848 1267; x_wconf 89' lang='lat' dir='ltr'><strong>unda,</strong></span> 
     </span>
     <span class='ocr_line' id='line_1_13' title="bbox 151 1268 822 1352; baseline 0.004 -22"><span class='ocrx_word' id='word_1_79' title='bbox 151 1269 439 1350; x_wconf 83' lang='lat' dir='ltr'><strong>PotaquePollucis</strong></span> <span class='ocrx_word' id='word_1_80' title='bbox 450 1268 577 1352; x_wconf 83' lang='lat' dir='ltr'><strong>lympha</strong></span> <span class='ocrx_word' id='word_1_81' title='bbox 588 1269 718 1331; x_wconf 88' lang='lat' dir='ltr'><strong>salubris</strong></span> <span class='ocrx_word' id='word_1_82' title='bbox 732 1291 822 1351; x_wconf 87' lang='lat' dir='ltr'><strong>equo.</strong></span> 
     </span>
     <span class='ocr_line' id='line_1_14' title="bbox 109 1352 839 1434; baseline 0.001 -20"><span class='ocrx_word' id='word_1_83' title='bbox 109 1355 153 1414; x_wconf 79' lang='lat' dir='ltr'><strong>Aa</strong></span> <span class='ocrx_word' id='word_1_84' title='bbox 162 1373 226 1414; x_wconf 96' lang='lat' dir='ltr'><strong>non</strong></span> <span class='ocrx_word' id='word_1_85' title='bbox 237 1374 398 1432; x_wconf 81' lang='lat' dir='ltr'><strong>squamoso</strong></span> <span class='ocrx_word' id='word_1_86' title='bbox 409 1352 556 1415; x_wconf 86' lang='lat' dir='ltr'><strong>labuntur</strong></span> <span class='ocrx_word' id='word_1_87' title='bbox 566 1360 676 1415; x_wconf 81' lang='lat' dir='ltr'><strong>ventre</strong></span> <span class='ocrx_word' id='word_1_88' title='bbox 688 1362 839 1434; x_wconf 77' lang='lat' dir='ltr'><strong>cerastae,</strong></span> 
     </span>
     <span class='ocr_line' id='line_1_15' title="bbox 151 1435 739 1518; baseline 0.003 -21"><span class='ocrx_word' id='word_1_89' title='bbox 151 1435 228 1497; x_wconf 83' lang='lat' dir='ltr'><strong>ltola</strong></span> <span class='ocrx_word' id='word_1_90' title='bbox 238 1440 393 1518; x_wconf 88' lang='lat' dir='ltr'><strong>portentis</strong></span> <span class='ocrx_word' id='word_1_91' title='bbox 403 1457 463 1498; x_wconf 90' lang='lat' dir='ltr'><strong>nec</strong></span> <span class='ocrx_word' id='word_1_92' title='bbox 473 1439 543 1499; x_wconf 86' lang='lat' dir='ltr'><strong>fluit</strong></span> <span class='ocrx_word' id='word_1_93' title='bbox 552 1437 634 1499; x_wconf 91' lang='lat' dir='ltr'><strong>unda</strong></span> <span class='ocrx_word' id='word_1_94' title='bbox 643 1441 739 1512; x_wconf 75' lang='lat' dir='ltr'><strong>noris,</strong></span> 
     </span>
     <span class='ocr_line' id='line_1_16' title="bbox 108 1521 953 1602; baseline 0.002 -22"><span class='ocrx_word' id='word_1_95' title='bbox 108 1521 178 1580; x_wconf 90' lang='lat' dir='ltr'><strong>Non</strong></span> <span class='ocrx_word' id='word_1_96' title='bbox 188 1522 240 1581; x_wconf 90' lang='lat' dir='ltr'><strong>hic</strong></span> <span class='ocrx_word' id='word_1_97' title='bbox 251 1521 468 1596; x_wconf 85' lang='lat' dir='ltr'><strong>Andromedae</strong></span> <span class='ocrx_word' id='word_1_98' title='bbox 478 1528 627 1582; x_wconf 87' lang='lat' dir='ltr'><strong>resonant</strong></span> <span class='ocrx_word' id='word_1_99' title='bbox 636 1542 694 1602; x_wconf 91' lang='lat' dir='ltr'><strong>pro</strong></span> <span class='ocrx_word' id='word_1_100' title='bbox 703 1529 803 1583; x_wconf 90' lang='lat' dir='ltr'><strong>matre</strong></span> <span class='ocrx_word' id='word_1_101' title='bbox 815 1529 953 1601; x_wconf 79' lang='lat' dir='ltr'><strong>catenae,</strong></span> 
     </span>
     <span class='ocr_line' id='line_1_17' title="bbox 54 1603 893 1684; baseline 0.005 -24"><span class='ocrx_word' id='word_1_102' title='bbox 54 1612 90 1667; x_wconf 82' lang='lat'><strong>30</strong></span> <span class='ocrx_word' id='word_1_103' title='bbox 151 1603 217 1661; x_wconf 88' lang='lat' dir='ltr'><strong>Nec</strong></span> <span class='ocrx_word' id='word_1_104' title='bbox 230 1606 337 1663; x_wconf 75' lang='lat' dir='ltr'><strong>tremis</strong></span> <span class='ocrx_word' id='word_1_105' title='bbox 350 1607 512 1682; x_wconf 79' lang='lat' dir='ltr'><strong>Ausonias,</strong></span> <span class='ocrx_word' id='word_1_106' title='bbox 521 1605 649 1663; x_wconf 85' lang='lat' dir='ltr'><strong>Phoebe</strong></span> <span class='ocrx_word' id='word_1_107' title='bbox 661 1605 776 1681; x_wconf 83' lang='lat' dir='ltr'><strong>fugate,</strong></span> <span class='ocrx_word' id='word_1_108' title='bbox 788 1605 893 1684; x_wconf 89' lang='lat' dir='ltr'><strong>dapes,</strong></span> 
     </span>
     <span class='ocr_line' id='line_1_18' title="bbox 109 1685 885 1767; baseline 0.003 -22"><span class='ocrx_word' id='word_1_109' title='bbox 109 1685 176 1745; x_wconf 88' lang='lat' dir='ltr'><strong>Nec</strong></span> <span class='ocrx_word' id='word_1_110' title='bbox 190 1685 329 1763; x_wconf 86' lang='lat' dir='ltr'><strong>cuiquam</strong></span> <span class='ocrx_word' id='word_1_111' title='bbox 343 1688 487 1745; x_wconf 88' lang='lat' dir='ltr'><strong>absentes</strong></span> <span class='ocrx_word' id='word_1_112' title='bbox 499 1691 642 1745; x_wconf 82' lang='lat' dir='ltr'><strong>arserunt</strong></span> <span class='ocrx_word' id='word_1_113' title='bbox 652 1687 686 1744; x_wconf 93' lang='lat' dir='ltr'><strong>in</strong></span> <span class='ocrx_word' id='word_1_114' title='bbox 696 1693 787 1767; x_wconf 84' lang='lat' dir='ltr'><strong>caput</strong></span> <span class='ocrx_word' id='word_1_115' title='bbox 797 1688 885 1766; x_wconf 79' lang='lat' dir='ltr'><strong>ignes</strong></span> 
     </span>
     <span class='ocr_line' id='line_1_19' title="bbox 149 1768 710 1848; baseline -0.002 -18"><span class='ocrx_word' id='word_1_116' title='bbox 149 1768 286 1830; x_wconf 81' lang='lat' dir='ltr'><strong>Exitium</strong></span> <span class='ocrx_word' id='word_1_117' title='bbox 296 1774 368 1827; x_wconf 88' lang='lat' dir='ltr'><strong>nato</strong></span> <span class='ocrx_word' id='word_1_118' title='bbox 380 1774 478 1848; x_wconf 83' lang='lat' dir='ltr'><strong>matre</strong></span> <span class='ocrx_word' id='word_1_119' title='bbox 488 1770 632 1829; x_wconf 82' lang='lat' dir='ltr'><strong>movente</strong></span> <span class='ocrx_word' id='word_1_120' title='bbox 644 1788 710 1845; x_wconf 89' lang='lat' dir='ltr'><strong>suo,</strong></span> 
     </span>
     <span class='ocr_line' id='line_1_20' title="bbox 107 1852 933 1932; baseline 0.001 -19"><span class='ocrx_word' id='word_1_121' title='bbox 107 1852 251 1914; x_wconf 89' lang='lat' dir='ltr'><strong>Penthea</strong></span> <span class='ocrx_word' id='word_1_122' title='bbox 261 1870 324 1911; x_wconf 89' lang='lat' dir='ltr'><strong>non</strong></span> <span class='ocrx_word' id='word_1_123' title='bbox 335 1852 443 1912; x_wconf 84' lang='lat' dir='ltr'><strong>saevae</strong></span> <span class='ocrx_word' id='word_1_124' title='bbox 454 1858 605 1932; x_wconf 85' lang='lat' dir='ltr'><strong>venantur</strong></span> <span class='ocrx_word' id='word_1_125' title='bbox 615 1853 648 1912; x_wconf 90' lang='lat' dir='ltr'><strong>in</strong></span> <span class='ocrx_word' id='word_1_126' title='bbox 659 1855 771 1914; x_wconf 88' lang='lat' dir='ltr'><strong>arbore</strong></span> <span class='ocrx_word' id='word_1_127' title='bbox 784 1854 933 1932; x_wconf 80' lang='lat' dir='ltr'><strong>Bacchae,</strong></span> 
     </span>
     <span class='ocr_line' id='line_1_21' title="bbox 147 1933 791 2014; baseline 0 -18"><span class='ocrx_word' id='word_1_128' title='bbox 147 1935 214 1996; x_wconf 89' lang='lat' dir='ltr'><strong>Nec</strong></span> <span class='ocrx_word' id='word_1_129' title='bbox 227 1933 320 1996; x_wconf 81' lang='lat' dir='ltr'><strong>solvit</strong></span> <span class='ocrx_word' id='word_1_130' title='bbox 332 1937 450 1996; x_wconf 87' lang='lat' dir='ltr'><strong>Danaas</strong></span> <span class='ocrx_word' id='word_1_131' title='bbox 463 1935 585 1996; x_wconf 88' lang='lat' dir='ltr'><strong>subdita</strong></span> <span class='ocrx_word' id='word_1_132' title='bbox 596 1955 687 1997; x_wconf 78' lang='lat' dir='ltr'><strong>cerva</strong></span> <span class='ocrx_word' id='word_1_133' title='bbox 696 1943 791 2014; x_wconf 87' lang='lat' dir='ltr'><strong>rates,</strong></span> 
     </span>
     <span class='ocr_line' id='line_1_22' title="bbox 54 2019 807 2101; baseline -0.001 -19"><span class='ocrx_word' id='word_1_134' title='bbox 54 2026 88 2082; x_wconf 80' lang='lat'><strong>35</strong></span> <span class='ocrx_word' id='word_1_135' title='bbox 111 2020 235 2081; x_wconf 81' lang='lat' dir='ltr'><strong>Cornua</strong></span> <span class='ocrx_word' id='word_1_136' title='bbox 246 2039 304 2079; x_wconf 91' lang='lat' dir='ltr'><strong>nec</strong></span> <span class='ocrx_word' id='word_1_137' title='bbox 316 2019 411 2080; x_wconf 83' lang='lat' dir='ltr'><strong>valuit</strong></span> <span class='ocrx_word' id='word_1_138' title='bbox 425 2039 552 2101; x_wconf 85' lang='lat' dir='ltr'><strong>curvare</strong></span> <span class='ocrx_word' id='word_1_139' title='bbox 563 2022 597 2079; x_wconf 91' lang='lat' dir='ltr'><strong>in</strong></span> <span class='ocrx_word' id='word_1_140' title='bbox 607 2020 721 2100; x_wconf 88' lang='lat' dir='ltr'><strong>pellice</strong></span> <span class='ocrx_word' id='word_1_141' title='bbox 732 2021 807 2081; x_wconf 90' lang='lat' dir='ltr'><strong>luno</strong></span> 
     </span>
     <span class='ocr_line' id='line_1_23' title="bbox 149 2103 736 2184; baseline 0.002 -20"><span class='ocrx_word' id='word_1_142' title='bbox 149 2105 212 2164; x_wconf 85' lang='lat' dir='ltr'><strong>Aut</strong></span> <span class='ocrx_word' id='word_1_143' title='bbox 223 2104 335 2181; x_wconf 84' lang='lat' dir='ltr'><strong>faciem</strong></span> <span class='ocrx_word' id='word_1_144' title='bbox 348 2105 432 2183; x_wconf 90' lang='lat' dir='ltr'><strong>turpi</strong></span> <span class='ocrx_word' id='word_1_145' title='bbox 445 2103 636 2164; x_wconf 88' lang='lat' dir='ltr'><strong>dedecorare</strong></span> <span class='ocrx_word' id='word_1_146' title='bbox 646 2105 736 2184; x_wconf 84' lang='lat' dir='ltr'><strong>bove,</strong></span> 
     </span>
     <span class='ocr_line' id='line_1_24' title="bbox 107 2188 920 2269; baseline 0 -21"><span class='ocrx_word' id='word_1_147' title='bbox 107 2188 326 2266; x_wconf 85' lang='lat' dir='ltr'><strong>Arboreasque</strong></span> <span class='ocrx_word' id='word_1_148' title='bbox 339 2206 447 2247; x_wconf 86' lang='lat' dir='ltr'><strong>cruces</strong></span> <span class='ocrx_word' id='word_1_149' title='bbox 459 2188 553 2265; x_wconf 87' lang='lat' dir='ltr'><strong>Sinis,</strong></span> <span class='ocrx_word' id='word_1_150' title='bbox 565 2195 598 2247; x_wconf 90' lang='lat' dir='ltr'><strong>et</strong></span> <span class='ocrx_word' id='word_1_151' title='bbox 608 2208 672 2248; x_wconf 90' lang='lat' dir='ltr'><strong>nou</strong></span> <span class='ocrx_word' id='word_1_152' title='bbox 682 2189 806 2269; x_wconf 86' lang='lat' dir='ltr'><strong>hospita</strong></span> <span class='ocrx_word' id='word_1_153' title='bbox 817 2188 920 2251; x_wconf 82' lang='lat' dir='ltr'><strong>Graiis</strong></span> 
     </span>
     <span class='ocr_line' id='line_1_25' title="bbox 150 2270 741 2345; baseline 0.005 -16"><span class='ocrx_word' id='word_1_154' title='bbox 150 2270 238 2345; x_wconf 82' lang='lat' dir='ltr'><strong>Saxa,</strong></span> <span class='ocrx_word' id='word_1_155' title='bbox 250 2276 283 2328; x_wconf 91' lang='lat' dir='ltr'><strong>et</strong></span> <span class='ocrx_word' id='word_1_156' title='bbox 294 2276 432 2330; x_wconf 84' lang='lat' dir='ltr'><strong>curvatas</strong></span> <span class='ocrx_word' id='word_1_157' title='bbox 444 2271 476 2327; x_wconf 91' lang='lat' dir='ltr'><strong>in</strong></span> <span class='ocrx_word' id='word_1_158' title='bbox 487 2288 542 2327; x_wconf 79' lang='lat' dir='ltr'><strong>rua</strong></span> <span class='ocrx_word' id='word_1_159' title='bbox 552 2271 616 2328; x_wconf 85' lang='lat' dir='ltr'><strong>fata</strong></span> <span class='ocrx_word' id='word_1_160' title='bbox 626 2273 741 2333; x_wconf 83' lang='lat' dir='ltr'><strong>trabes.</strong></span> 
     </span>
     <span class='ocr_line' id='line_1_26' title="bbox 106 2348 982 2432; baseline 0.002 -19"><span class='ocrx_word' id='word_1_161' title='bbox 106 2354 194 2414; x_wconf 84' lang='lat' dir='ltr'><strong>llaec</strong></span> <span class='ocrx_word' id='word_1_162' title='bbox 202 2353 270 2428; x_wconf 92' lang='lat' dir='ltr'><strong>tibi,</strong></span> <span class='ocrx_word' id='word_1_163' title='bbox 282 2348 982 2432; x_wconf 78' lang='lat' dir='ltr'><strong>Tulle‚poreus,haecestpulcherrImasedes‚</strong></span> 
     </span>
     <span class='ocr_line' id='line_1_27' title="bbox 49 2431 842 2514; baseline -0.001 -19"><span class='ocrx_word' id='word_1_164' title='bbox 49 2447 89 2502; x_wconf 81' lang='lat'><strong>40</strong></span> <span class='ocrx_word' id='word_1_165' title='bbox 151 2437 211 2495; x_wconf 92' lang='lat' dir='ltr'><strong>Hic</strong></span> <span class='ocrx_word' id='word_1_166' title='bbox 223 2435 280 2495; x_wconf 88' lang='lat' dir='ltr'><strong>tibi</strong></span> <span class='ocrx_word' id='word_1_167' title='bbox 291 2453 348 2514; x_wconf 91' lang='lat' dir='ltr'><strong>pro</strong></span> <span class='ocrx_word' id='word_1_168' title='bbox 361 2433 453 2511; x_wconf 81' lang='lat' dir='ltr'><strong>digna</strong></span> <span class='ocrx_word' id='word_1_169' title='bbox 464 2439 557 2512; x_wconf 81' lang='lat' dir='ltr'><strong>gente</strong></span> <span class='ocrx_word' id='word_1_170' title='bbox 567 2431 722 2512; x_wconf 84' lang='lat' dir='ltr'><strong>petendus</strong></span> <span class='ocrx_word' id='word_1_171' title='bbox 732 2435 842 2511; x_wconf 84' lang='lat' dir='ltr'><strong>honos,</strong></span> 
     </span>
     <span class='ocr_line' id='line_1_28' title="bbox 106 2513 899 2597; baseline -0.003 -16"><span class='ocrx_word' id='word_1_172' title='bbox 106 2521 168 2582; x_wconf 86' lang='lat' dir='ltr'><strong>llic</strong></span> <span class='ocrx_word' id='word_1_173' title='bbox 182 2520 240 2579; x_wconf 91' lang='lat' dir='ltr'><strong>tibi</strong></span> <span class='ocrx_word' id='word_1_174' title='bbox 253 2518 291 2578; x_wconf 86' lang='lat' dir='ltr'><strong>ad</strong></span> <span class='ocrx_word' id='word_1_175' title='bbox 305 2516 461 2596; x_wconf 89' lang='lat' dir='ltr'><strong>eloquium</strong></span> <span class='ocrx_word' id='word_1_176' title='bbox 473 2518 567 2594; x_wconf 80' lang='lat' dir='ltr'><strong>cives,</strong></span> <span class='ocrx_word' id='word_1_177' title='bbox 579 2517 630 2577; x_wconf 91' lang='lat' dir='ltr'><strong>hic</strong></span> <span class='ocrx_word' id='word_1_178' title='bbox 642 2513 741 2597; x_wconf 86' lang='lat' dir='ltr'><strong>ampla</strong></span> <span class='ocrx_word' id='word_1_179' title='bbox 751 2524 899 2597; x_wconf 90' lang='lat' dir='ltr'><strong>nepotum</strong></span> 
     </span>
     <span class='ocr_line' id='line_1_29' title="bbox 148 2602 790 2684; baseline -0.003 -21"><span class='ocrx_word' id='word_1_180' title='bbox 148 2604 227 2684; x_wconf 89' lang='lat' dir='ltr'><strong>Spes</strong></span> <span class='ocrx_word' id='word_1_181' title='bbox 239 2609 271 2662; x_wconf 91' lang='lat' dir='ltr'><strong>et</strong></span> <span class='ocrx_word' id='word_1_182' title='bbox 281 2609 430 2662; x_wconf 84' lang='lat' dir='ltr'><strong>venturae</strong></span> <span class='ocrx_word' id='word_1_183' title='bbox 444 2602 583 2680; x_wconf 78' lang='lat' dir='ltr'><strong>coniugis</strong></span> <span class='ocrx_word' id='word_1_184' title='bbox 595 2607 684 2681; x_wconf 92' lang='lat' dir='ltr'><strong>aptus</strong></span> <span class='ocrx_word' id='word_1_185' title='bbox 697 2619 790 2661; x_wconf 89' lang='lat' dir='ltr'><strong>amor.</strong></span> 
     </span>
    </p>
   </div>
   <div class='ocr_carea' id='block_1_3' title="bbox 36 2733 887 3549">
    <p class='ocr_par' dir='ltr' id='par_1_3' title="bbox 36 2733 887 3549">
     <span class='ocr_line' id='line_1_30' title="bbox 36 2733 793 2848; baseline -0.009 -16"><span class='ocrx_word' id='word_1_186' title='bbox 36 2735 93 2832; x_wconf 78' lang='lat'><strong>23</strong></span> <span class='ocrx_word' id='word_1_187' title='bbox 111 2733 198 2847; x_wconf 74' lang='lat' dir='ltr'><strong>Ergo</strong></span> <span class='ocrx_word' id='word_1_188' title='bbox 213 2775 275 2827; x_wconf 91' lang='lat' dir='ltr'><strong>tam</strong></span> <span class='ocrx_word' id='word_1_189' title='bbox 286 2767 396 2827; x_wconf 89' lang='lat' dir='ltr'><strong>doctae</strong></span> <span class='ocrx_word' id='word_1_190' title='bbox 408 2768 497 2828; x_wconf 88' lang='lat' dir='ltr'><strong>uobis</strong></span> <span class='ocrx_word' id='word_1_191' title='bbox 509 2767 635 2848; x_wconf 88' lang='lat' dir='ltr'><strong>periere</strong></span> <span class='ocrx_word' id='word_1_192' title='bbox 646 2764 793 2845; x_wconf 88' lang='lat' dir='ltr'><strong>tabellae,</strong></span> 
     </span>
     <span class='ocr_line' id='line_1_31' title="bbox 151 2851 820 2932; baseline -0.001 -20"><span class='ocrx_word' id='word_1_193' title='bbox 151 2853 274 2932; x_wconf 86' lang='lat' dir='ltr'><strong>Scripta</strong></span> <span class='ocrx_word' id='word_1_194' title='bbox 286 2852 396 2930; x_wconf 86' lang='lat' dir='ltr'><strong>quibus</strong></span> <span class='ocrx_word' id='word_1_195' title='bbox 407 2853 526 2931; x_wconf 84' lang='lat' dir='ltr'><strong>pariter</strong></span> <span class='ocrx_word' id='word_1_196' title='bbox 537 2857 586 2910; x_wconf 88' lang='lat' dir='ltr'><strong>tot</strong></span> <span class='ocrx_word' id='word_1_197' title='bbox 594 2851 721 2929; x_wconf 89' lang='lat' dir='ltr'><strong>periere</strong></span> <span class='ocrx_word' id='word_1_198' title='bbox 731 2851 820 2912; x_wconf 90' lang='lat' dir='ltr'><strong>bona.</strong></span> 
     </span>
     <span class='ocr_line' id='line_1_32' title="bbox 104 2932 887 3018; baseline -0.004 -20"><span class='ocrx_word' id='word_1_199' title='bbox 104 2937 170 2998; x_wconf 88' lang='lat' dir='ltr'><strong>Has</strong></span> <span class='ocrx_word' id='word_1_200' title='bbox 182 2934 335 3015; x_wconf 89' lang='lat' dir='ltr'><strong>quondam</strong></span> <span class='ocrx_word' id='word_1_201' title='bbox 345 2937 461 2995; x_wconf 87' lang='lat' dir='ltr'><strong>nostris</strong></span> <span class='ocrx_word' id='word_1_202' title='bbox 473 2937 611 2994; x_wconf 89' lang='lat' dir='ltr'><strong>manibus</strong></span> <span class='ocrx_word' id='word_1_203' title='bbox 623 2932 794 3018; x_wconf 83' lang='lat' dir='ltr'><strong>detriverat</strong></span> <span class='ocrx_word' id='word_1_204' title='bbox 804 2953 887 3013; x_wconf 81' lang='lat' dir='ltr'><strong>usus,</strong></span> 
     </span>
     <span class='ocr_line' id='line_1_33' title="bbox 148 3016 768 3097; baseline -0.002 -17"><span class='ocrx_word' id='word_1_205' title='bbox 148 3021 208 3097; x_wconf 80' lang='lat' dir='ltr'><strong>Qui</strong></span> <span class='ocrx_word' id='word_1_206' title='bbox 217 3039 281 3079; x_wconf 92' lang='lat' dir='ltr'><strong>non</strong></span> <span class='ocrx_word' id='word_1_207' title='bbox 294 3020 426 3097; x_wconf 80' lang='lat' dir='ltr'><strong>signatas</strong></span> <span class='ocrx_word' id='word_1_208' title='bbox 438 3021 528 3078; x_wconf 89' lang='lat' dir='ltr'><strong>iussit</strong></span> <span class='ocrx_word' id='word_1_209' title='bbox 538 3019 655 3079; x_wconf 86' lang='lat' dir='ltr'><strong>habere</strong></span> <span class='ocrx_word' id='word_1_210' title='bbox 666 3016 768 3079; x_wconf 86' lang='lat' dir='ltr'><strong>fidem.</strong></span> 
     </span>
     <span class='ocr_line' id='line_1_34' title="bbox 68 3095 819 3182; baseline -0.011 -15"><span class='ocrx_word' id='word_1_211' title='bbox 68 3113 84 3167; x_wconf 82' lang='lat'><strong>5</strong></span> <span class='ocrx_word' id='word_1_212' title='bbox 105 3103 181 3167; x_wconf 87' lang='lat' dir='ltr'><strong>lllae</strong></span> <span class='ocrx_word' id='word_1_213' title='bbox 192 3104 252 3163; x_wconf 88' lang='lat' dir='ltr'><strong>iam</strong></span> <span class='ocrx_word' id='word_1_214' title='bbox 264 3104 330 3162; x_wconf 88' lang='lat' dir='ltr'><strong>sine</strong></span> <span class='ocrx_word' id='word_1_215' title='bbox 342 3122 391 3162; x_wconf 89' lang='lat' dir='ltr'><strong>mc</strong></span> <span class='ocrx_word' id='word_1_216' title='bbox 403 3108 515 3162; x_wconf 89' lang='lat' dir='ltr'><strong>norant</strong></span> <span class='ocrx_word' id='word_1_217' title='bbox 524 3095 648 3182; x_wconf 87' lang='lat' dir='ltr'><strong>placare</strong></span> <span class='ocrx_word' id='word_1_218' title='bbox 658 3099 777 3180; x_wconf 86' lang='lat' dir='ltr'><strong>puellas</strong></span> <span class='ocrx_word' id='word_1_219' title='bbox 815 3144 819 3149; x_wconf 78' lang='lat'><em>-</em></span> 
     </span>
     <span class='ocr_line' id='line_1_35' title="bbox 146 3182 855 3267; baseline -0.011 -18"><span class='ocrx_word' id='word_1_220' title='bbox 146 3189 189 3249; x_wconf 82' lang='lat' dir='ltr'><strong>Et</strong></span> <span class='ocrx_word' id='word_1_221' title='bbox 200 3185 350 3267; x_wconf 85' lang='lat' dir='ltr'><strong>quaedam</strong></span> <span class='ocrx_word' id='word_1_222' title='bbox 361 3186 427 3246; x_wconf 87' lang='lat' dir='ltr'><strong>sine</strong></span> <span class='ocrx_word' id='word_1_223' title='bbox 440 3205 489 3245; x_wconf 89' lang='lat' dir='ltr'><strong>me</strong></span> <span class='ocrx_word' id='word_1_224' title='bbox 500 3187 595 3245; x_wconf 84' lang='lat' dir='ltr'><strong>verba</strong></span> <span class='ocrx_word' id='word_1_225' title='bbox 606 3183 724 3244; x_wconf 89' lang='lat' dir='ltr'><strong>diserta</strong></span> <span class='ocrx_word' id='word_1_226' title='bbox 734 3182 829 3262; x_wconf 81' lang='lat' dir='ltr'><strong>loqui.</strong></span> <span class='ocrx_word' id='word_1_227' title='bbox 852 3225 855 3228; x_wconf 62' lang='grc'><em>»</em></span> 
     </span>
     <span class='ocr_line' id='line_1_36' title="bbox 106 3270 815 3352; baseline -0.011 -19"><span class='ocrx_word' id='word_1_228' title='bbox 106 3272 176 3334; x_wconf 87' lang='grc' dir='ltr'>Νοιι</span> <span class='ocrx_word' id='word_1_229' title='bbox 186 3270 257 3332; x_wconf 88' lang='lat' dir='ltr'><strong>illas</strong></span> <span class='ocrx_word' id='word_1_230' title='bbox 268 3272 361 3331; x_wconf 80' lang='lat' dir='ltr'><strong>lixum</strong></span> <span class='ocrx_word' id='word_1_231' title='bbox 373 3289 458 3330; x_wconf 84' lang='lat' dir='ltr'><strong>caras</strong></span> <span class='ocrx_word' id='word_1_232' title='bbox 470 3270 620 3330; x_wconf 83' lang='lat' dir='ltr'><strong>effecerat</strong></span> <span class='ocrx_word' id='word_1_233' title='bbox 631 3286 752 3327; x_wconf 82' lang='lat' dir='ltr'><strong>aurum:</strong></span> <span class='ocrx_word' id='word_1_234' title='bbox 813 3347 815 3352; x_wconf 17' lang='lat'><strong>¹</strong></span> 
     </span>
     <span class='ocr_line' id='line_1_37' title="bbox 147 3351 666 3435; baseline -0.013 -17"><span class='ocrx_word' id='word_1_235' title='bbox 147 3355 278 3435; x_wconf 78' lang='lat' dir='ltr'><strong>Vulgari</strong></span> <span class='ocrx_word' id='word_1_236' title='bbox 288 3358 367 3416; x_wconf 85' lang='lat' dir='ltr'><strong>buxo</strong></span> <span class='ocrx_word' id='word_1_237' title='bbox 380 3353 505 3413; x_wconf 86' lang='lat' dir='ltr'><strong>sordida</strong></span> <span class='ocrx_word' id='word_1_238' title='bbox 516 3370 588 3413; x_wconf 86' lang='lat' dir='ltr'><strong>cera</strong></span> <span class='ocrx_word' id='word_1_239' title='bbox 597 3351 666 3412; x_wconf 83' lang='lat' dir='ltr'><strong>fult.</strong></span> 
     </span>
     <span class='ocr_line' id='line_1_38' title="bbox 107 3427 861 3549; baseline -0.021 -46"><span class='ocrx_word' id='word_1_240' title='bbox 107 3439 353 3521; x_wconf 67' lang='lat' dir='ltr'><strong>qualescumque</strong></span> <span class='ocrx_word' id='word_1_241' title='bbox 364 3439 440 3498; x_wconf 90' lang='lat' dir='ltr'><strong>mihi</strong></span> <span class='ocrx_word' id='word_1_242' title='bbox 451 3456 574 3518; x_wconf 90' lang='lat' dir='ltr'><strong>semper</strong></span> <span class='ocrx_word' id='word_1_243' title='bbox 584 3452 725 3497; x_wconf 89' lang='lat' dir='ltr'><strong>mansere</strong></span> <span class='ocrx_word' id='word_1_244' title='bbox 740 3427 861 3549; x_wconf 59' lang='lat' dir='ltr'><strong>fideles,</strong></span> 
     </span>
    </p>
   </div>
   <div class='ocr_carea' id='block_1_4' title="bbox 0 0 1114 3846">
    <p class='ocr_par' dir='ltr' id='par_1_4' title="bbox 0 0 1114 3846">
     <span class='ocr_line' id='line_1_39' title="bbox 0 0 1114 3846; baseline 0 2"><span class='ocrx_word' id='word_1_245' title='bbox 0 0 1114 3846; x_wconf 95' lang='lat' dir='ltr'><strong> </strong></span> 
     </span>
    </p>
   </div>
  </div>
 </body>
</html>
