2220 3846
299 165 489 235 manu
531 171 715 255 11,a,a‚a.
949 179 994 244 ιε»

119 340 241 421 Quippe
252 341 305 399 ubi
316 358 375 400 nec
386 359 491 400 causas
502 359 561 400 nec
573 346 698 420 apertus
710 345 863 404 cernimus
873 346 969 407 ictus:

62 432 99 485 20
160 423 251 492 Unde
263 430 366 483 tamen
376 425 501 483 veniant
512 429 560 484 tut
571 422 651 483 mala
663 445 754 485 caeca
763 429 811 487 via
822 435 879 493 est.
957 441 993 492 10

116 507 186 566 Non
198 513 271 586 eget
280 507 331 567 hic
342 506 481 584 medicis,
491 527 554 567 non
565 506 658 569 lectis
669 506 813 571 mollibus
825 532 928 593 aeger,
974 545 977 549 ·

158 590 239 651 Huic
250 590 366 651 nullum
379 588 459 651 caeli
470 596 592 670 tempus
603 599 636 651 et
648 612 722 652 aura
732 602 840 654 nocet:

117 673 271 753 Ambulat‚
283 681 316 734 et
328 675 430 741 subito
440 674 593 733 mirantur
604 673 696 736 funus
708 679 813 736 amici:

157 757 210 817 Sic
223 760 448 833 minoratum,
461 757 607 836 quicquid
618 758 751 819 habetur
763 781 856 823 amor.

60 851 95 903 25
117 841 194 900 Nam
206 843 255 900 cui
265 859 329 898 nun
340 859 398 918 ego
410 859 474 899 sum
486 839 589 901 fallaci
598 844 736 922 praemia
746 845 832 904 vati?
956 856 991 911 15

158 925 241 999 Quae
255 943 323 983 mea
337 943 398 983 nun
410 923 514 984 decies
526 927 643 985 somnia
654 935 757 988 versat
768 931 866 990 anus?

114 1007 223 1066 Hostis
235 1009 261 1067 si
274 1008 342 1086 quis
353 1008 415 1068 erit
425 1010 524 1087 nobis,
537 1016 619 1069 amet
628 1008 684 1070 ille
695 1011 830 1091 puellas:

158 1090 298 1151 Gaudeat
308 1093 340 1151 iu
351 1110 462 1172 puero,
474 1094 500 1152 si
513 1096 581 1173 quis
593 1096 707 1154 amicus
719 1096 789 1155 erit¹

117 1173 301 1254 Tranquillo
312 1181 379 1235 tuta
390 1176 556 1236 descendis
567 1178 693 1237 flumine
706 1179 830 1256 cymba:

61 1266 97 1319 30
159 1257 240 1333 Quid
250 1259 309 1318 tibi
320 1265 382 1318 tam
392 1261 478 1338 parvi
489 1257 593 1326 litoris
605 1260 687 1319 unda
698 1262 813 1320 nocet?
955 1272 992 1324 ιο

116 1338 208 1400 Alter
221 1361 314 1423 saepe
326 1362 386 1402 uno
398 1347 495 1402 mutat
506 1344 690 1424 praecordia
700 1346 806 1423 verbu,

154 1424 263 1486 Altera
273 1428 323 1487 vix
333 1427 400 1508 ipso
412 1429 560 1505 sanguine
573 1427 677 1488 mullis
690 1430 759 1489 erit.

71 1555 97 1648 5
116 1554 186 1650 lloc
196 1610 303 1651 verum
314 1599 373 1670 est,
384 1599 449 1653 tota
459 1600 492 1653 te
505 1595 595 1669 ferri,
607 1595 753 1671 Cynthia,
767 1594 864 1653 Roma
956 1584 968 1598 ⁸

153 1674 197 1732 Et
205 1692 268 1732 nun
278 1676 384 1752 Quota
393 1677 498 1733 vivere
509 1676 672 1753 nequitia?

112 1757 201 1817 Ilaec
212 1758 312 1815 merui
323 1757 474 1835 sperare?
495 1755 582 1817 dabis
594 1758 680 1835 mihi,
694 1758 824 1837 perfida,
835 1777 968 1839 poenas:

153 1841 196 1900 Et
207 1841 297 1899 nobis
309 1840 422 1919 aliquo,
434 1841 578 1920 Cynthia,
591 1848 701 1900 ventus
713 1837 783 1902 erit.

74 1935 92 1986 5
114 1924 269 1984 Inveniam
280 1931 382 1984 tamen
395 1943 412 1983 e
424 1923 530 1984 multis
542 1923 704 1985 fallacibus
716 1944 817 2003 unam,

156 2008 241 2084 Quae
252 2009 323 2067 ficri
333 2014 441 2068 nostru
454 2010 590 2069 carmine
601 2015 675 2069 ncta
684 2007 762 2068 velit

112 2092 178 2152 Ncc
188 2089 267 2152 mihi
275 2099 338 2151 tam
349 2091 435 2152 duris
446 2091 577 2153 insultet
588 2093 725 2153 moribus
737 2098 770 2152 et
780 2097 814 2152 te

153 2174 306 2237 Vellicet:
329 2176 391 2236 heu
402 2196 472 2237 sero
484 2178 575 2238 flebis
587 2184 684 2237 amata
696 2175 757 2237 diu.

111 2259 201 2320 Nunc
213 2267 262 2319 est
271 2262 319 2319 ira
329 2278 451 2338 recens,
461 2279 542 2321 nunc
554 2268 603 2321 est
614 2261 779 2321 discedere
789 2267 927 2339 tempus:

56 2354 93 2406 10
159 2343 193 2401 Si
205 2342 295 2402 dulor
306 2343 451 2418 abfuerit,
463 2343 569 2419 crede,
579 2344 698 2402 redibit
709 2363 802 2402 amor.

110 2427 181 2488 Nou
193 2427 238 2485 ita
250 2425 436 2505 Carpathiae
450 2427 568 2484 variant
581 2423 786 2504 Aquilonibus
797 2424 898 2484 undae
955 2490 960 2497 ,

154 2509 220 2569 Nec
232 2508 325 2568 dubio
337 2510 436 2568 nubes
447 2511 579 2569 vertitur
591 2516 657 2569 atra
667 2509 759 2587 Noto,

113 2594 210 2670 Quam
221 2592 315 2652 facile
328 2593 401 2652 irati
411 2595 507 2653 verbu
519 2600 676 2654 mutantur
689 2598 841 2652 amantes:

153 2677 232 2735 Dum
241 2676 330 2752 licet,
341 2677 455 2735 iniusto
468 2679 615 2737 subtrahe
628 2674 707 2737 colla
717 2679 799 2754 iugc.

54 2770 91 2821 15
112 2759 179 2820 Nec
190 2765 224 2819 tu
235 2778 298 2819 uun
310 2757 436 2837 aliquid,
448 2757 505 2818 sed
514 2761 614 2839 prima
625 2766 718 2819 nocte
730 2756 866 2817 dolebis:

154 2844 252 2903 Omne
264 2843 296 2902 in
307 2861 411 2902 amore
423 2841 546 2919 malum,
558 2844 584 2902 si
595 2844 726 2923 patiare,
737 2840 807 2902 leve
819 2847 876 2904 est.

110 2926 155 2985 Ac
164 2931 200 2985 tu
209 2945 268 3007 per
280 2925 421 2987 dominae
432 2926 557 2986 Iunonis
571 2925 672 2986 dulcia
681 2928 750 2986 iura

153 3009 251 3069 Parce
262 3012 324 3070 tuis
336 3012 455 3088 animis,
466 3013 539 3087 vita,
549 3030 665 3071 nouere
676 3012 745 3071 tibi.

109 3091 180 3152 Non
192 3092 290 3152 solum
301 3101 406 3153 taurus
417 3095 494 3154 ferit
504 3096 592 3154 uncis
603 3096 748 3170 cornibus
760 3091 892 3168 hostem,

49 3186 91 3239 20
153 3176 272 3237 Verum
283 3178 376 3237 etiam
387 3179 515 3236 instanti
527 3179 612 3238 laeua
622 3180 774 3256 repugnat
786 3175 860 3236 ovis.

109 3257 177 3319 Nec
188 3262 247 3320 tibi
258 3261 385 3340 periuro
399 3259 535 3320 scindam
548 3260 587 3319 de
599 3277 731 3339 corpore
742 3265 871 3335 vestem,

152 3342 218 3403 Nec
230 3363 298 3403 mea
312 3341 491 3424 praeclusas
501 3344 634 3423 fregerit
645 3344 692 3402 ira
702 3343 799 3418 fores,
900 3395 906 3405 ,,

107 3425 175 3487 Nec
189 3428 248 3486 tibi
261 3437 415 3487 connexos
426 3429 522 3487 iratus
534 3446 663 3508 carpere
676 3427 778 3487 crines
