2220 3846
59 229 100 294 10
354 222 716 286 PROPERTII

143 394 170 456 0
182 397 307 453 noctem
317 391 495 450 meminisse
506 390 582 449 milui
593 388 725 450 iocunda
735 390 887 473 voluptas,

184 477 210 538 0
223 476 366 555 quotiens
378 475 459 535 votis
468 470 526 533 ills
534 472 671 539 vocanda
681 475 769 552 meis,

100 549 220 623 icum
230 565 263 619 te
275 557 436 638 complexu
445 559 641 634 morientem,
653 555 758 636 Galle,
768 559 876 638 puelle
965 571 976 594 ¹
1012 575 1016 584 “

181 642 323 706 Vidimus
334 649 368 701 et
377 639 472 720 longa
484 639 600 700 ducere
611 642 707 700 verbu
717 645 819 701 more!

142 728 285 806 Quamvis
294 723 439 786 lubentes
450 730 610 804 premeret
622 725 697 783 mihi
708 743 832 786 somnus
844 727 965 791 ocellos

180 813 223 874 Et
233 809 344 870 mediis
355 806 442 869 caclo
455 809 542 868 Luna
552 810 682 868 ruberet
693 807 792 887 equis3

141 893 212 956 Nou
221 901 325 954 tumen
336 897 468 952 uvestro
479 893 567 972 potui
577 891 729 951 secedere
740 889 825 953 lusu:

89 989 123 1042 10
184 974 730 1038 Tuutusinclternisvocibusurdor
743 982 818 1038 erut.

142 1061 206 1122 Sed
221 1061 364 1140 quonium
374 1078 437 1119 nou
449 1077 483 1118 cs
494 1060 611 1118 ueritus
623 1059 814 1119 concredere
827 1063 928 1140 uobis,

113 1154 124 1175 ·’
165 1146 299 1224 ‘Accipe
311 1145 490 1204 commissae
502 1160 630 1203 munere
640 1140 795 1203 laetitiae:

141 1230 212 1291 Non
223 1226 323 1289 solum
332 1233 453 1288 vestros
466 1226 562 1287 didici
572 1227 709 1286 reticere
721 1224 858 1306 doleres,

182 1314 241 1375 Est
251 1311 396 1391 quiddam
409 1313 443 1371 in
453 1313 543 1371 uobis
554 1311 661 1389 maius,
674 1312 780 1390 amice,
791 1310 864 1373 tide.

89 1406 122 1459 15
141 1397 271 1458 Possum
282 1413 340 1472 ego
352 1394 490 1454 diversos
500 1396 616 1454 iterum
626 1397 816 1473 coniungere
829 1405 977 1477 umentes,

180 1477 865 1559 Etdomineeturduspossumeperirefores,

139 1564 182 1627 Et
194 1582 319 1643 pessum
330 1561 459 1623 ulterius
471 1581 559 1622 curus
571 1580 681 1622 sunere
688 1565 840 1640 recentis,

179 1646 245 1707 Nec
255 1644 335 1706 levis
345 1648 379 1707 in
391 1648 494 1706 verbis
507 1652 555 1705 est
565 1645 718 1708 medicina
729 1648 813 1708 meis.

142 1731 275 1810 cynthia
286 1748 336 1791 me
348 1730 454 1790 docuit
464 1748 588 1810 semper
600 1749 808 1809 quaecumque
819 1731 957 1811 petendu

87 1823 123 1876 20
183 1815 330 1892 Quaeque
342 1813 609 1879 cuueudufcrent:
630 1834 693 1874 non
704 1814 783 1874 nihil
795 1817 859 1893 egit
870 1816 977 1876 Amor.

142 1898 192 1960 Tu
202 1916 285 1976 caue,
298 1915 339 1957 ne
351 1898 436 1957 tristi
447 1898 551 1977 cupias
561 1916 699 1977 pugnare
709 1896 835 1978 puellae
1017 1896 1022 1903 '

179 1981 265 2042 Neve
276 1983 410 2061 superba
419 1977 507 2059 loqui
518 1999 596 2040 neve
607 1986 712 2041 tacere
725 1981 787 2059 diu,

139 2064 208 2125 Neu
219 2060 245 2124 si
257 2065 332 2142 quid
342 2064 444 2143 petiit,
456 2064 576 2141 ingrata
585 2065 835 2142 fronte-negaris,

180 2147 248 2206 Neu
258 2147 317 2208 tibi
328 2165 387 2225 pro
396 2167 473 2206 vano
485 2150 581 2208 verba
590 2148 723 2222 benigna
737 2147 855 2206 cadant.

85 2243 120 2298 25
141 2236 265 2297 Irritutu
274 2236 369 2312 venit,
384 2235 504 2314 qusndu
516 2232 730 2315 contemnitur¹
742 2229 807 2310 illa,

179 2318 245 2379 Nec
255 2320 395 2382 meminit
404 2321 501 2380 iustas
510 2335 630 2398 ponere
642 2316 727 2399 luesc
739 2319 852 2377 minas:

138 2403 181 2462 At
192 2422 252 2480 quo
265 2403 307 2462 sis
319 2402 443 2464 humilis
455 2403 550 2480 magis
561 2408 594 2464 et
605 2403 761 2462 subiectus
774 2401 879 2479 emori,
933 2432 937 2439 ·

177 2486 246 2546 Hoc
258 2488 353 2564 magis
365 2489 478 2565 effecto
489 2503 582 2564 saepe
593 2485 699 2543 fruare
711 2487 802 2545 bono.

137 2569 166 2629 1
176 2571 295 2649 peterit
304 2568 382 2630 felix
390 2582 453 2627 'unu
462 2584 625 2625 remanere
635 2563 752 2645 puella,

84 2658 120 2714 30
181 2652 240 2729 Qui
251 2670 414 2730 numquam
424 2667 518 2709 vacuo
529 2654 659 2728 pectore
670 2646 754 2710 liber
766 2651 871 2710 erit„
930 2663 934 2668 ·

67 2782 119 2876 11
137 2783 263 2897 Ecquid
272 2826 306 2880 te
316 2817 426 2880 mediis
438 2824 620 2894 censentem,
633 2819 776 2895 Cynthia,
787 2818 880 2894 Baiis,

179 2902 246 2979 Qua
255 2905 336 2962 iacet
346 2898 512 2961 Herculeis
523 2901 633 2958 semita
642 2899 797 2979 litoribus,

135 2985 178 3048 Et
188 2984 279 3045 modo
293 2985 464 3062 Thesproti
475 2983 638 3041 mirantem
650 2983 772 3043 subdita
783 2992 880 3061 regno
944 3040 950 3047 .

177 3068 321 3128 Proxima
330 3066 462 3126 Misenis
474 3082 609 3143 aequore
621 3065 777 3128 nobilibus

96 3156 115 3212 5
136 3151 243 3212 Nostri
255 3169 329 3209 curu
339 3150 422 3210 subit
431 3166 584 3209 memore
596 3151 635 3209 uh
646 3150 761 3211 ducere
771 3151 905 3212 noctes?
1001 3215 1003 3220 ,

176 3233 292 3311 Ecquis
303 3234 336 3292 in
348 3238 485 3293 extremo
497 3239 596 3293 restat
606 3254 710 3294 umore
721 3234 831 3294 locus?

135 3317 185 3376 An
195 3322 229 3374 tc
239 3317 345 3376 nescio
358 3319 425 3396 quis
437 3315 588 3378 simulatis
599 3319 720 3396 ignibus
731 3312 830 3377 hostis

175 3398 309 3460 Sustulit
320 3419 337 3461 e
347 3404 473 3480 uostris,
489 3402 632 3482 Cynthia,
644 3402 853 3462 carminibus?

134 3482 238 3564 Atque
249 3486 366 3548 utinum
375 3505 463 3566 mage
474 3492 507 3546 te
517 3485 612 3546 remis
625 3485 739 3546 confise
750 3487 875 3547 minutis
979 3490 986 3553 ,ἱ
