2220 3846
310 217 506 283 ninus
549 219 694 299 iuss

55 398 91 452 50
154 385 267 449 Ordior
274 392 310 447 et
321 405 410 447 caeso
421 387 541 446 moenia
551 387 640 446 firma
649 386 756 464 Remo,

111 470 311 549 Eductosque
321 489 411 550 pares
423 469 558 530 silvestri
569 489 606 530 ex
617 471 714 544 ubere
725 483 827 550 reges,

154 556 284 615 Crescet
295 560 327 613 et
337 556 493 632 ingenium
505 556 561 614 sub
572 560 624 613 tua
635 555 718 613 iussa
728 572 839 634 meum,

110 638 287 716 Prosequor
299 643 331 696 et
343 656 451 697 currus
462 642 595 715 utroque
609 638 646 697 ab
657 635 753 697 litore
765 644 901 718 ovantes,

149 722 335 781 Parthorum
348 725 466 779 astutae
477 717 542 778 tela
552 721 680 780 remissa
691 720 793 800 fugae,

56 812 90 866 55
113 805 284 882 Castraque
294 802 400 862 Pelusi
410 802 547 862 Romano
558 804 685 862 subruta
695 804 793 882 ferro,

149 886 328 964 Antonique
340 903 447 964 graves
458 887 490 944 in
501 905 555 945 sua
565 887 628 945 fata
638 907 753 948 manus.

107 967 216 1030 Mollis
226 974 261 1028 tu
272 974 400 1049 coeptae
411 968 513 1028 fautor
525 988 600 1049 cape
610 968 677 1030 lora
687 972 841 1048 inventae,

149 1053 346 1130 Dexteraque
357 1051 491 1112 inmissis
504 1051 542 1112 sla
552 1055 628 1112 mihi
639 1055 725 1131 signa
738 1054 826 1113 rotis.

107 1136 176 1196 Hoc
186 1136 272 1213 mihi,
284 1136 461 1212 Maecenas,
471 1133 573 1195 laudis
586 1134 741 1213 concedis,
754 1141 815 1214 eta
825 1133 859 1194 ie
871 1141 929 1213 est,

56 1227 90 1331 ἑο
151 1218 241 1296 Quod
252 1218 338 1278 ferar
348 1221 381 1276 in
392 1223 498 1298 partes
508 1219 577 1298 ipse
587 1218 684 1278 fnisse
695 1224 772 1279 tuas.

64 1348 90 1441 ll
107 1350 259 1464 Mirabar,
271 1383 415 1465 quidnam
425 1386 581 1445 misissent
592 1403 680 1444 mane
692 1385 855 1462 Camenae,
922 1345 978 1444 lll

149 1470 231 1528 Ante
242 1488 342 1529 meum
354 1475 471 1529 stantes
483 1466 551 1529 sole
562 1468 695 1528 rubente
706 1474 817 1531 torum.

106 1550 224 1610 Natalis
240 1557 364 1611 nostrae
376 1554 495 1629 signum
506 1553 619 1611 misere
630 1550 752 1630 puellae

148 1633 191 1692 Et
201 1634 339 1691 manibus
349 1633 466 1692 faustos
476 1639 527 1692 ter
539 1651 690 1712 crepuere
704 1651 805 1693 sonos.

69 1724 86 1775 5
110 1712 265 1773 Transeat
274 1715 325 1773 hic
337 1715 404 1773 sine
417 1716 499 1773 nube
511 1713 588 1792 dies,
600 1720 684 1774 stent
695 1733 768 1774 aere
779 1716 874 1794 venti,

149 1798 250 1857 Ponat
260 1799 336 1856 etin
348 1797 429 1856 sicco
441 1796 576 1857 molliter
586 1797 668 1858 unda
679 1799 784 1859 minas.

106 1881 265 1960 Aspiciam
274 1877 377 1940 nullos
389 1879 541 1940 hodierna
549 1881 620 1941 luce
634 1879 787 1958 dolentes,
876 1950 880 1957 .

49 2005 51 2008 ⁴
147 1964 189 2026 iit
199 1963 316 2023 Niobes
326 1963 467 2024 lacrima
479 1965 649 2044 supprimat
658 1965 725 2044 ipse
735 1962 827 2043 lapis,

106 2044 278 2126 Alcyonum
288 2049 399 2127 positis
410 2045 609 2127 requiescant
620 2067 674 2107 ora
686 2045 846 2125 querellis,

57 2138 89 2191 10
149 2131 294 2211 increpet
305 2133 497 2210 absumptum
507 2149 566 2190 nec
577 2150 630 2190 sua
641 2136 740 2190 mater
751 2131 844 2210 Itym,

109 2213 230 2291 Tuque,
244 2233 262 2273 o
275 2234 345 2273 cara
356 2215 442 2292 mihi,
452 2213 596 2275 felicibus
608 2213 692 2274 edita
702 2216 825 2293 pennis,

14 2297 18 2301 ’
150 2296 249 2373 Surge
261 2302 293 2355 ct
302 2303 467 2375 poscentes
478 2299 559 2357 iusta
568 2315 700 2377 precare
712 2295 795 2357 deos.

107 2380 154 2438 Ac
165 2380 297 2457 primum
307 2399 384 2458 pura
396 2399 534 2440 somnum
544 2382 602 2440 tihi
614 2380 733 2440 discute
745 2378 869 2459 lympha

149 2462 192 2522 nt
202 2461 316 2522 nitidas
327 2481 437 2542 presso
450 2461 566 2544 pollice
575 2463 658 2542 finge
670 2482 787 2523 comas:

57 2553 87 2606 15
106 2546 197 2622 Dein,
210 2566 269 2624 qua
278 2548 410 2626 primum
422 2546 526 2607 oculos
539 2549 649 2626 cepisti
659 2552 746 2606 scstc
757 2544 914 2624 Properti,

148 2626 244 2688 Indue
255 2648 313 2689 nec
326 2649 452 2689 vacuum
461 2632 541 2691 flore
552 2629 697 2709 relinque
710 2633 810 2708 caput,
830 2698 833 2702 ¹

105 2713 148 2771 Et
159 2718 243 2790 pete,
257 2732 316 2790 qua
327 2710 438 2792 polles,
449 2719 485 2773 ut
495 2715 536 2773 sit
545 2716 603 2774 tibi
614 2715 713 2773 forma
722 2709 880 2790 perennis,

147 2794 244 2874 inque
255 2814 357 2856 meum
368 2802 491 2876 sempe‘r
501 2802 585 2857 stent
595 2803 647 2856 tua
658 2813 753 2872 regna
765 2797 862 2872 caput.

106 2875 182 2937 lude
194 2885 355 2940 coronatas
367 2881 421 2940 ubi
431 2886 502 2940 ture
513 2881 648 2961 piaveris
660 2897 739 2954 aras,

55 2967 89 3022 20
148 2961 277 3023 Luserit
287 2969 319 3023 et
329 2970 395 3025 tota
404 2965 525 3024 flamma
535 2959 670 3024 secunda
682 2961 783 3037 domo,

107 3043 155 3105 Sit
166 3065 289 3106 mensae
301 3049 392 3124 ratio,
404 3065 526 3126 noxque
537 3049 621 3105 inter
631 3043 744 3126 pocula
756 3047 871 3119 currat,

146 3128 188 3189 nt
198 3131 322 3190 crocino
333 3129 417 3189 naris
428 3149 569 3189 murreu
580 3134 674 3205 ungat
685 3145 775 3204 onyx,

71 3229 74 3236 ’
107 3210 199 3271 Tibia
209 3215 370 3273 nocturnis
382 3215 560 3273 succumbat
570 3229 662 3288 rauca
675 3210 808 3287 choreis,

145 3296 188 3356 nt
198 3298 261 3356 sint
271 3296 428 3374 nequitiae
438 3293 540 3367 lihera
550 3296 645 3354 verba
655 3298 738 3371 tuae,
862 3361 866 3370 ,

50 3385 85 3438 25
106 3375 278 3458 Dulciaque
288 3380 426 3457 ingratos
438 3377 572 3438 adimant
583 3379 719 3438 convivia
731 3391 863 3450 somnos,

146 3460 404 3528 Publicaaicinae
414 3468 593 3543 perstrepat
604 3481 677 3521 aura
686 3462 770 3519 viae:
