2220 3846
28 197 30 200 ’
127 216 190 283 104
424 212 785 278 raornan11

209 383 273 446 Sed
283 403 386 463 neque
398 382 549 465 suppletis
560 382 719 442 constabat
730 382 850 440 flamma
859 377 1018 463 lucernis,

249 467 375 528 Recidit
385 469 480 545 inque
492 485 563 526 suos
575 483 680 523 mensa
690 465 798 543 supina
809 462 920 543 pedes.

154 560 188 612 45
209 551 264 612 Me
283 569 406 630 quoque
419 568 476 631 per
487 547 566 609 talos
576 547 734 610 Venerem
746 553 918 625 quaerente
930 550 1080 612 secundos

252 635 382 715 Semper
394 632 532 693 damnosi
546 628 719 691 subsiluere
731 648 833 693 canes.

210 719 383 779 cantabant
393 715 499 794 surdo,
513 713 670 775 nudabant
679 719 807 793 pectora
819 731 929 774 caeco:

248 801 375 861 Lanuvii
387 799 552 880 adportas,
563 798 616 856 hei
626 797 712 873 mihi,
730 795 813 856 solus
825 813 929 871 eram;

209 886 287 944 Cum
297 884 398 943 subito
410 878 496 942 rauci
505 885 675 941 sonuerunt
686 879 810 939 cardine
821 886 942 958 postes,

156 976 191 1028 50
251 968 292 1026 Et
301 965 382 1025 levia
392 964 431 1024 ad
440 966 556 1045 primos
567 982 723 1024 murmura
732 962 814 1022 facta
822 962 931 1024 Lares.

208 1047 274 1110 Nec
286 1069 381 1126 mora,
394 1068 462 1109 cum
472 1054 553 1108 totas
563 1048 723 1126 resupinat
734 1046 868 1124 Cynthia
879 1045 995 1128 valvas,

250 1133 320 1193 Non
331 1151 463 1213 operosa
474 1132 578 1208 comis,
589 1129 647 1191 sed
657 1128 823 1188 furibunda
834 1127 964 1193 decens.

209 1214 326 1276 Pocula
336 1217 378 1276 mi
390 1215 503 1294 digitos
515 1217 598 1274 inter
609 1211 752 1273 cecidere
764 1214 922 1290 remissos,

198 1314 203 1322 ·
250 1297 492 1377 Polluerantque
504 1300 572 1378 ipso
581 1296 667 1357 labra
679 1294 779 1355 soluta
789 1314 885 1356 mero.

156 1391 190 1443 55
210 1380 368 1441 Fulminat
378 1380 434 1440 illa
445 1381 541 1440 oculis
553 1387 586 1439 et
599 1385 744 1458 quantum
755 1379 871 1439 femina
882 1381 996 1458 saevit,

250 1462 446 1542 Spectaclum
457 1459 546 1543 capta
555 1482 614 1522 nec
625 1464 724 1522 minus
735 1465 812 1524 urbe
824 1463 892 1522 fuit

208 1544 371 1625 Phyllidos
381 1548 477 1606 iratos
488 1548 521 1605 iu
530 1545 646 1606 vultum
658 1547 772 1605 conicit
782 1564 916 1625 ungues:

250 1630 378 1690 Territa
388 1631 502 1690 vicinas
515 1629 593 1690 Teia
604 1627 716 1689 clamat
723 1649 829 1709 aquas.

208 1713 338 1773 Lumina
348 1714 465 1793 sopitos
476 1715 603 1786 turbant
613 1712 693 1782 elata
704 1713 853 1791 Quirites,

156 1805 191 1859 60
253 1796 641 1856 Omnisetinsanasemita
651 1802 853 1856 noctescunt.

208 1877 280 1938 Illas
293 1878 485 1958 direptisque
496 1880 591 1939 comis
601 1879 776 1957 tunicisque
788 1877 898 1938 solutis

249 1962 373 2041 Excipit
384 1964 532 2022 obscurae
546 1962 646 2041 prima
656 1963 785 2021 taberna
795 1963 872 2021 vioe.
927 2039 929 2044 Ι

210 2045 344 2123 Cynthia
355 2043 469 2122 gaudet
478 2045 511 2103 in
524 2046 639 2104 exuviis
649 2044 820 2122 victrixque
832 2044 972 2104 recurrit

247 2127 818 2203 Etmeaperversasauciatoramauu

155 2216 188 2272 65
210 2209 394 2288 Inponitqae
406 2214 509 2269 notam
520 2207 600 2268 collo
612 2229 777 2289 morsuque
789 2215 943 2288 cruentat,

248 2292 482 2372 Praecipueque
492 2292 608 2370 oculos,
623 2295 675 2372 qui
687 2312 840 2371 meruere,
851 2294 937 2353 ferit.

208 2376 312 2455 Atque
324 2375 379 2435 ubi
391 2374 451 2436 iam
462 2378 577 2453 nostris
587 2375 711 2436 lassavit
721 2378 847 2437 brachia
856 2375 970 2455 plagis,

196 2523 201 2530 ,
249 2457 422 2538 Lygdamus
434 2458 473 2520 ad
482 2458 581 2539 plutei
590 2457 690 2518 fulcra
700 2461 824 2520 sinistra
833 2458 936 2519 lateus

208 2543 347 2619 Eruitur,
359 2544 542 2621 geniumque
554 2561 655 2603 meum
664 2549 838 2622 prostratus
850 2540 969 2602 adorat.

155 2633 190 2688 70
250 2624 417 2708 Lygdum,
431 2624 475 2686 nil
485 2627 595 2704 potuiz·
610 2630 713 2686 tecum
724 2645 781 2704 ego
793 2631 899 2704 captus
911 2642 1008 2685 eram.

210 2708 407 2789 Supplicibus
417 2707 525 2789 palmis
537 2715 602 2769 tum
614 2707 735 2769 demum
746 2707 785 2767 ad
794 2707 926 2767 foedera
934 2709 1022 2785 veni,

205 2845 208 2850 Α
251 2794 328 2852 Cum
338 2793 388 2852 vix
397 2791 568 2870 tangendos
578 2794 722 2873 praebuit
732 2781 786 2851 illa
794 2790 905 2870 pede,

208 2876 312 2951 Atque
324 2876 367 2932 ait
381 2875 542 2934 ‘admissae
554 2877 580 2933 si
590 2875 636 2933 vis
647 2893 696 2946 me
707 2875 869 2950 ignoscere
882 2870 1004 2952 culpae,
1023 2939 1030 2949 ,

195 2984 199 2990 -
249 2956 376 3032 Accipe,
389 2973 466 3031 quae
477 2962 602 3013 nostrae
612 2953 744 3013 formula
754 2951 835 3032 legis
847 2957 918 3016 erit,

154 3043 187 3098 75
211 3036 261 3098 Tu
270 3053 373 3114 neque
383 3035 531 3115 Pompeia
541 3037 716 3115 spatiabere
728 3033 829 3096 cultus
840 3038 873 3096 in
883 3039 1005 3116 umbra,

247 3119 313 3178 Nec
325 3137 393 3177 curn
403 3115 549 3178 lascivum
560 3124 681 3178 sternet
691 3121 807 3179 harena
817 3121 928 3181 forum.

208 3200 299 3262 colla
312 3220 384 3260 cave
395 3203 535 3262 inflectas
548 3203 587 3261 ad
598 3223 745 3262 summum
758 3202 884 3282 obliqua
894 3205 1054 3263 theatrum

248 3285 311 3344 Aut
321 3282 433 3344 lectica
443 3291 513 3345 tuae
526 3284 607 3346 sidat
617 3293 723 3367 aperta
733 3304 846 3347 morae.

207 3367 379 3448 Lygdamus
390 3370 551 3448 inprimis,
563 3372 661 3429 omnis
671 3371 747 3429 milri
759 3389 849 3429 cansa
861 3368 1033 3447 querellae,

153 3461 188 3514 80
250 3453 372 3514 Veueat
383 3450 558 3534 etpedibus
571 3452 774 3513 vinculabina
784 3452 909 3512 trahat!
996 3479 1005 3497 ι
